@ARTICLE{Authors,
  author = {},
  title  = {},
  journal = {},
  year    = {},
  volume  = {},
  pages   = {}
} 

% This file was created with JabRef 2.4.2.
% Encoding: ISO8859_1

@STRING{acp = {Atmos. Chem. Phys.}}

@STRING{acpd = {Atmos. Chem. Phys. Disc.}}

@STRING{afm = {Agric. For. Meteorol.}}

@STRING{ag = {Adv. Geophys.}}

@STRING{atmres = {Atm. Res. }}

@STRING{bams = {Bull. Amer. Meteorol. Soc.}}

@STRING{blm = {Boundary-Layer Meteorol. }}

@STRING{eo = {Ecol. Appl. }}

@STRING{grl = {Geophys. Res. Lett.}}

@STRING{jam = {J. Appl. Meteorol.}}

@STRING{jamc = {J. Appl. Meteorol. Clim.}}

@STRING{james = {J. Adv. Model. Earth Syst.}}

@STRING{jaot = {J. Atmos. Oceanic Technol. }}

@STRING{james = {J. Adv. Model. Earth Syst.}}

@STRING{jas = {J. Atmos. Sci. }}

@STRING{jc = {J. Climate}}

@STRING{jcam = {J. Clim. Appl. Meteorol.}}

@STRING{jfm = {J. Fluid Mech.}}

@STRING{jgr = {J. Geophys. Res.}}

@STRING{mwr = { Mon. Weather Rev.}}

@STRING{pfa = {Phys. Fluids A}}

@STRING{prl = {Phys. Rev. Lett.}}

@STRING{qjrms = {Quart. J. Roy. Meteorol. Soc. }}

@STRING{rse = {Remote Sensing Environ.}}

@STRING{wrr = {Water Resour. Res. }}

@ARTICLE{LaatDuynkerke98,
  author = {A. T. J. {de Laat} and P. G. Duynkerke},
  title = {Analysis of \textsc{ASTEX}-stratocumulus observational data using
	a mass-flux approach},
  journal = blm,
  year = {1998},
  volume = {86},
  pages = {63--87}
}

@ARTICLE{Zadelhoffetal04,
  author = {G.-J. {van Zadelhoff} and D. P. Donovan and H. Klein Baltink and
	R. Boers},
  title = {Comparing ice cloud microphysical properties using cloudnet and atmospheric
	radiation measurement program data},
  journal = jgr,
  year = {2004},
  volume = {109},
  doi = {doi:10.1029/2004JD0004967}
}

@ARTICLE{Ackerman_etal_2004,
  author = {A. S. Ackerman and M. P. Kirkpatrick and D. E. Stevens and O. B.
	Toon},
  title = {The impact of humidity above stratiform clouds on indirect aerosol
	forcing},
  journal = {Nature},
  year = {2004},
  volume = {432},
  pages = {1014--1017},
  doi = {10.1038/nature01174}
}

@ARTICLE{Ackerman_etal_2009,
  author = {A. S. Ackerman and M. C. vanZanten and B Stevens and V. {Savic-Jovcic} and C. S. Bretherton and A. Chlond and {J.-C.} Golaz and H. Jiang and M. Khairoutdinov and S. K. Krueger and D. C. Lewellen and A. Lock and {C.-H.} Moeng and K. Nakamura and M. D. Petters and J. R. Snider S. Weinbrecht and M.Zulauf},
  title = {Large-Eddy Simulations of a Drizzling, Stratocumulus-Topped Marine Boundary Layer},
  journal = mwr,
  year = {2009},
  volume = {137},
  pages = {1083--1110}
}


@ARTICLE{Agee84,
  author = {E. M. Agee},
  title = {Observations from space and thermal convection: a historical perspective},
  journal = bams,
  year = {1984},
  volume = {65},
  pages = {938--946}
}

@article{Albrecht_1989,
  title={Aerosols, cloud microphysics, and fractional cloudiness.},
  author={B.A. Albrecht},
  journal={Science},
  volume={245},
  pages={1227--1230},
  year={1989}
}


@ARTICLE{Albrecht_etal_1995,
  author = {B. A. Albrecht and C. S. Bretherton and D. W. Johnson and W. H. Schubert
	and A. S. Frisch},
  title = {The \textsc{A}tlantic stratocumulus transition experiment - \textsc{ASTEX}},
  journal = bams,
  year = {1995},
  volume = {76},
  pages = {889--904}
}

@ARTICLE{Albrechtetal90,
  author = {B. A. Albrecht and C. W. Fairall and D. W. Thomson and A. B. White
	and J. B. Snider and W. H. Schubert},
  title = {Surface-based remote sensing of the observed and the adiabatic liquid
	water content of stratocumulus clouds},
  journal = grl,
  year = {1990},
  volume = {17},
  pages = {89--92}
}

@ARTICLE{Albrechtetal85,
  author = {B. A. Albrecht and R. S. Penc and W. H. Schubert},
  title = {An observational study of cloud-topped mixed-layers},
  journal = jas,
  year = {1985},
  volume = {42},
  pages = {800--822}
}

@ARTICLE{Albrechtetal88,
  author = {B. A. Albrecht and D. A. Randall and S. Nicholls},
  title = {Observations of marine stratocumulus clouds during \textsc{FIRE}},
  journal = bams,
  year = {1988},
  volume = {69},
  pages = {618--626}
}

@ARTICLE{Andreae07,
  author = {M. O. Andreae},
  title = {Aerosols before pollution},
  journal = {Science},
  year = {2007},
  volume = {315},
  pages = {50--51},
  doi = {doi:10.1126/science.1136529}
}

@ARTICLE{AS74,
  author = {A. Arakawa and W. H. Schubert},
  title = {Interaction of a cumulus cloud ensemble with the large-scale environment:
	\textsc{P}art \textsc{I}},
  journal = jas,
  year = {1974},
  volume = {31},
  pages = {674--701}
}

@ARTICLE{Arakawa_etal_2011,
  author = {A. Arakawa and {J.-H.} Jung and {C.-M.} Wu},
  title = {Toward unification of the multiscale modeling of the atmosphere},
  journal = acp,
  year = {2011},
  volume = {11},
  pages = {3731--3742}
}



@ARTICLE{AK67,
  author = {T. Asai and A. Kasahara},
  title = {A theoretical study of the compensating downward motions associated
	with cumulus clouds},
  journal = jas,
  year = {1967},
  volume = {24},
  pages = {487--496}
}

@ARTICLE{Atkinson_Zhang_1996,
  author = {B. W. Atkinson and J. W. Zhang},
  title = {Mesoscale shallow convection in the atmosphere},
  journal = {Reviews of Geophysics},
  year = {1996},
  volume = {34},
  pages = {403--431}
}

@ARTICLE{Austinetal95,
  author = {P. Austin and Y. Wang and Vincent Kujala and R. Pincus},
  title = {Precipitation in stratocumulus clouds: Observational and modeling
	results},
  journal = jas,
  year = {1995},
  volume = {52},
  pages = {2329ÔøΩ-2352}
}

@ARTICLE{Ayotteetal96,
  author = {K. W. Ayotte and P. P. Sullivan and A. Andr\'{e}n and S. C. Doney
	and A. A. M. Holtslag and W. G. Large and J. C. Mc\textsc{W}illiams
	and C.-H. Moeng and M. J. Otte and J. J. Tribbia and J. C. Wyngaard},
  title = {An evaluation of neutral and convective planetary boundary-layer
	parameterizations relative to large eddy simulations},
  journal = blm,
  year = {1996},
  volume = {79},
  pages = {131--175}
}

@ARTICLE{Baumletal04,
  author = {G. B\"{a}uml and A. Chlond and E. Roeckner},
  title = {Estimating the \textsc{PPH}-bias for simulations of convective and
	stratiform clouds},
  journal = atmres,
  year = {2004},
  volume = {72},
  pages = {317--328}
}

@ARTICLE{Baasetal09,
  author = {P. Baas and F. C. Bosveld and H. Klein Baltink and A. A. M. Holtslag},
  title = {A climatology of nocturnal low-level jets at \textsc{C}abauw},
  journal = {J. Appl. Met. Clim.},
  year = {2009},
  volume = {48},
  pages = {1627--1642}
}

@ARTICLE{Baas_etal_2008,
  author = {P. Baas and S. R. de Roode and G. Lenderink},
  title = {The scaling behaviour of a turbulent kinetic energy closure model
	for stably stratified conditions},
  journal = blm,
  year = {2008},
  volume = {127},
  pages = {17--36},
  doi = {10.1007/s10546-007-9253-y}
}

@ARTICLE{Baasetal06,
  author = {P. Baas and G. J. Steeneveld and B. J. H. van de Wiel and A. A. M.
	Holtslag},
  title = {Exploring self-correlation in flux-gradient relationships for stably
	stratified conditions},
  journal = jas,
  year = {2006},
  volume = {63},
  pages = {3045--3054}
}

@ARTICLE{Baas_etal_2009,
  author = {P. Baas and F. C. Bosveld and H. Klein Baltink and A. A. M. Holtslag},
  title = {A climatology of nocturnal low-level jets at \textsc{C}abauw},
  journal = { J. Appl. Meteor. Climatol.},
  year = {2009},
  volume = {48},
  pages = {1627--1642}
}


@ARTICLE{Ball_1960,
  author = {F. K. Ball},
  title = {Control of inversion height by surface heating},
  journal = qjrms,
  year = {1960},
  volume = {86},
  pages = {483--494}
}


@ARTICLE{Ballardetal91,
  author = {S. P. Ballard and B. W. Golding and R. N. B. Smith},
  title = {Mesoscale model experimental forecasts of the Haar of Northeast Schotland},
  journal = mwr,
  year = {1991},
  volume = {119},
  pages = {2107--2123}
}



@ARTICLE{Banta_etal_2013,
  author = {R. M. Banta and Y. L. Pichugina and N. D. Kelley and R. M. Hardesty and W. A. Brewer},
  title = {Wind Energy Meteorology: \textsc{I}nsight into Wind Properties in the Turbine-Rotor Layer of the Atmosphere from High-Resolution Doppler Lidar},
  journal = bams,
  year = {2013},
  volume = {94},
  pages = {883–-902}
}


@INPROCEEDINGS{Barkeretal02,
  author = {H. W. Barker and R. Pincus and {J.-J.} Morcrette },
  title = {The \textsc{M}onte \textsc{C}arlo \textsc{I}ndependent \textsc{C}olumn
	\textsc{A}pproximation: \textsc{A}pplication within large-scale models},
  booktitle = {Proceedings from the GCSS Workshop},
  year = {2002},
  publisher = {Kananaskis,Alberta,Canada}
}

@ARTICLE{BarkerRaisanen04,
  author = {H. W. Barker and P. P. R\"{a}is\"{a}nen},
  title = {Radiative sensitivities for cloud geometric properties that are unresolved
	by conventional \textsc{GCM}s},
  journal = qjrms,
  year = {2004},
  volume = {130},
  pages = {2069--2086}
}

@ARTICLE{Barkeretal03,
  author = {H. W. Barker and G. L. Stephens and P. T. Partain and J. W. Bergman
	and B. Bonnel and K. Campana and E. E. Clothiaux and S. Clough and
	S. Cusack and J. Delamere and J. Edwards and K. F. Evans and Y. Fouquart
	and S. Freidenreich and V. Galin and Y. Hou and S. Kato and J. Li
	and E. Mlawer and J. -J. Morcrette and W. O'Hirok and P. R\"{a}is\"{a}nen
	and V. Ramaswamy and B. Ritter and E. Rozanov and M. Schlesinger
	and K. Shibata and P. Sporyshev and Z. Sun and M. Wendisch and N.
	Wood and F. Yang},
  title = {Assessing 1\textsc{D} atmospheric solar radiative transfer models:
	Interpretation and handling of unresolved clouds},
  journal = jc,
  year = {2003},
  volume = {16},
  pages = {2676--2699}
}

@ARTICLE{Barkeretal96,
  author = {H. W. Barker and B. A. Wielicki and L. Parker},
  title = {A parameterization for computing grid-averaged solar fluxes for inhomogeneous
	marine boundary layer clouds. \textsc{P}art \textsc{II}: \textsc{V}alidation
	using satellite data},
  journal = jas,
  year = {1996},
  volume = {53},
  pages = {2304--2316}
}

@ARTICLE{Beare_etal_2006,
  author = {R. J. Beare and M. K. Macvean and A. A. M. Holtslag and J. Cuxart
	and I. Esau and J.-C. Golaz and M. A. Jimenez and M. Khairoutdinov
	and B. Kosovic and D. Lewellen and T. S. Lund and J. K. Lundquist
	and A. Mccabe and A. F. Moene and Y. Noh and S. Raasch and P. Sullivan},
  title = {An Intercomparison of Large-Eddy Simulations of the Stable Boundary
	Layer},
  journal = blm,
  year = {2006},
  volume = {118},
  pages = {247--272}
}

@ARTICLE{Bechtoldetal01,
  author = {P. Bechtold and E. Bazile and F. Guichard and P. Mascart and E. Richard},
  title = {A mass-flux convection scheme for regional and global models},
  journal = qjrms,
  year = {2001},
  volume = {127},
  pages = {869--886}
}

@ARTICLE{BechtoldCuijpers95,
  author = {P. Bechtold and J. W. M. Cuijpers},
  title = {Cloud perturbations of temperature and humidity: \textsc{A LES} study},
  journal = blm,
  year = {1995},
  volume = {76},
  pages = {377--386}
}

@ARTICLE{Bechtoldetal95,
  author = {P. Bechtold and J. W. M. Cuijpers and P. Mascart and P. Trouilhet},
  title = {Modeling of trade wind cumuli with a low-order turbulence model:
	Toward a unified description of cu and sc clouds in meteorological
	models},
  journal = jas,
  year = {1995},
  volume = {52},
  pages = {455--463}
}

@ARTICLE{Bechtoldetal92,
  author = {P. Bechtold and C. Fravalo and J. P. Pinty},
  title = {A model of marine boundary-layer cloudiness for mesoscale applications},
  journal = jas,
  year = {1992},
  volume = {49},
  pages = {1723--1744}
}

@INPROCEEDINGS{BeljaarsBetts92,
  author = {A. C. M. Beljaars and A. K. Betts},
  title = {Validation of the boundary layer representation in the \textsc{ECMWF}
	model},
  booktitle = {Validation of models over Europe},
  year = {1992},
  publisher = {ECMWF, Reading, UK}
}

@ARTICLE{BeljaarsBosveld97,
  author = {A. C. M. Beljaars and F. C. Bosveld},
  title = {Cabauw data for the validation of land surface parametrization schemes},
  journal = jc,
  year = {1997},
  volume = {10},
  pages = {1172--1193}
}

@ARTICLE{BeljaarsHoltslag91,
  author = {A. C. M. Beljaars and A. A. M. Holtslag},
  title = {Flux parameterization over land surfaces for atmospheric models},
  journal = jam,
  year = {1991},
  volume = {30},
  pages = {327--341}
}

@ARTICLE{Bellon_Stevens_2005,
  author = {G. Bellon and B. Stevens},
  title = {On bulk models of shallow cumulus convection},
  journal = jas,
  year = {2005},
  volume = {62},
  pages = {3286--3302}
}

@ARTICLE{Bellon_Stevens_2012,
  author = {G. Bellon and B. Stevens},
  title = {Using the sensitivity of large-eddy simulations to evaluate atmospheric boundary layer models},
  journal = jas,
  year = {2012},
  volume = {69},
  pages = {1582--1601}
}


@article{Berner_etal_2011,
  title={Large-eddy simulation of mesoscale dynamics and entrainment around a pocket of open cells observed in \textsc{VOCALS-RE}x \textsc{RF}06},
  author={A. H. Berner and C. S. Bretherton and  R. Wood},
  journal=acp,
  volume={11},
  pages={10525--10540},
  year={2011}
}

@ARTICLE{Betts_1983,
  author = {A. K. Betts},
  title = {Thermodynamics of mixed stratocumulus layers: saturation point budgets},
  journal = jas,
  year = {1983},
  volume = {40},
  pages = {2655--2670}
}


@ARTICLE{Betts_1989,
  author = {A. K. Betts},
  title = {Idealized stratocumulus models and cloud layer thickness},
  journal = {Tellus},
  year = {1989},
  volume = {41A},
  pages = {246--254},
  doi = {10.1111/j.1600-0870.1989.tb00379.x} 
}


@ARTICLE{Betts_Ridgway_1989,
  author = {A. K. Betts and W. Ridgway},
  title = {Climatic Equilibrium of the Atmospheric Convective Boundary Layer over a Tropical Ocean},
  journal = jas,
  year = {1989},
  volume = {46},
  pages = {2621--2641}
}
	
@ARTICLE{Betts90,
  author = {A. K. Betts},
  title = {The diurnal variation of \textsc{C}alifornia coastal stratocumulus
	for two days of boundary layer soundings},
  journal = {Tellus},
  year = {1990},
  volume = {42A},
  pages = {302--304}
}

@ARTICLE{BettsBoers90,
  author = {A. K. Betts and R. Boers},
  title = {A cloudiness transition in a marine boundary layer},
  journal = jas,
  year = {1990},
  volume = {47},
  pages = {1480--1497}
}

@ARTICLE{Blaskovicetal91,
  author = {M. Blaskovic and R. Davies and J. B. Snider},
  title = {Diurnal variation of marine stratocumulus over \textsc{S}an \textsc{N}icolas
	\textsc{I}sland during \textsc{J}uly 1987},
  journal = mwr,
  year = {1991},
  volume = {119},
  pages = {1469--1478}
}

@ARTICLE{Blossey_etal_2013,
  author = {P. N. Blossey and C. S. Bretherton and M. Zhang and A. Cheng and S. Endo and T. Heus and Y. Liu and A. P. Lock and S. R. de Roode and K.-M. Xu},
  title = {Marine low cloud sensitivity to an idealized climate change: The \textsc{CGILS LES} intercomparison.},
  journal = {J. Adv. Model. Earth Syst.},
  year = {2013},
  volume = {5},
  pages = {1--25},
}

@ARTICLE{Blyth93,
  author = {A. M. Blyth},
  title = {Entrainment in cumulus clouds},
  journal = jam,
  year = {1993},
  volume = {32},
  pages = {626--641}
}

@ARTICLE{Boersetal98,
  author = {R. Boers and J. B. Jensen and P. B. Krummel},
  title = {Microphysical and short-wave radiative structure of stratocumulus
	clouds over the \textsc{S}outhern \textsc{O}cean: \textsc{S}ummer
	results and seasonal differences},
  journal = qjrms,
  year = {1998},
  volume = {124},
  pages = {151--168}
}

@BOOK{BA,
  title = {Atmospheric Thermodynamics},
  publisher = {Oxford University Press},
  year = {1998},
  author = {C. F. Bohren and B. A. Albrecht},
  note = {402 pp}
}


@ARTICLE{Boing_etal_2012,
  author = {S. J. B\"oing and H. J. J. Jonker and A. P. Siebesma and W. W. Grabowski},
  title = {Influence of the subcloud layer on the development of a deep convective ensemble},
  journal = jas,
  year = {2012},
  volume = {69},
  pages = {2682--2698}
}

@PHDTHESIS{Boing_PhD,
  author = {S. J. B\"oing },
  title = {The interaction between deep convective clouds and their environment},
  school = {Technical University Delft},
  year = {2014},
  address = {Delft, 133 pp (Available from Technical University Delft, Delft, The Netherlands, http://repository.tudelft.nl)}
}

@ARTICLE{Bolton80,
  author = {D. Bolton},
  title = {The computation of equivalent potential temperature},
  journal = mwr,
  year = {1980},
  volume = {108},
  pages = {1046--1053}
}

@ARTICLE{Bonyetal06,
  author = {S. Bony and R. Colman and V. M. Kattsov and R. P. Allan and C. S.
	Bretherton and {J.-L.} Dufresne and A. Hall and S. Hallegatte and
	M. M. Holland and W. Ingram and D. A. Randall and B. J. Soden and
	G. Tselioudis and M. J. Webb},
  title = {How well do we understand and evaluate climate change feedback processes?},
  journal = jc,
  year = {2006},
  volume = {19},
  pages = {3445--3482}
}

@ARTICLE{Bony_etal_2013,
  author = {S. Bony and G. Bellon and D. Klocke and S. Sherwood and S. Fermepin and S. Denvil},
  title = {Robust direct effect of carbon dioxide on tropical circulation and regional precipitation},
  journal = {Nature Geosci.},
  year = {2013},
  DOI = {10.1038/ngeo1799}
}

@ARTICLE{Bony_Dufresne_2005,
  author = {S. Bony and J.-L. Dufresne}, 
  title  = {Marine boundary layer clouds at the heart of tropical cloud feedback uncertainties in climate models},
  journal = grl,
  year    = {2005},
  volume  = {32},
  DOI   = {doi:10.1029/2005GL023851}
}

@ARTICLE{BougeaultLacarrere89,
  author = {P. Bougeault and P. Lacarr\`{e}re},
  title = {Parameterization of orography-induced turbulence in a mesobeta-scale
	model},
  journal = mwr,
  year = {1989},
  volume = {117},
  pages = {1872--1890}
}


@ARTICLE{Boutle_etal_2014,
  author = {I. A. Boutle and J. E. J. Eyre and A. P. Lock},
  title = {Seamless stratocumulus simulation across the turbulent gray zone},
  journal = mwr,
  year = {2014},
  volume = {142},
  pages = {1655--1668}
}

@ARTICLE{BovilleBretherton03,
  author = {B. A. Boville and C. S. Bretherton},
  title = {Heating and kinetic energy dissipation in the NCAR community atmosphere
	model},
  journal = jc,
  year = {2003},
  volume = {16},
  pages = {3877--3887}
}

@ARTICLE{Brenguieretal03,
  author = {J.-L. Brenguier and H. Pawlowska and L. Sch\"uller},
  title = {Cloud microphysical and radiative properties for parameterization
	and satellite monitoring of the indirect effect of aerosol on climate},
  journal = jgr,
  year = {2003},
  volume = {108},
  doi = {doi:10.1029/2002JD002682}
}

@ARTICLE{Bretherton_etal_2013,
  author = {C. S. Bretherton and P. N. Blossey and C. R. Jones},
  title = {Mechanisms of marine low cloud sensitivity to idealized climate perturbations: \textsc{A} single \textsc{LES} exploration extending the \textsc{CGILS} cases},
  journal = {J. Adv. Model. Earth Syst.},
  year   = {2013},
  volume = {5},
  pages  = {316--337}
}


@ARTICLE{Bretherton_etal_1995,
  author = {C. S. Bretherton and P. Austin and S. T. Siems},
  title = {Cloudiness and marine boundary layer dynamics in the \textsc{ASTEX}
	\textsc{L}agrangian experiments. \textsc{P}art \textsc{II}: Cloudiness,
	drizzle, surface fluxes and entrainment},
  journal = jas,
  year = {1995},
  volume = {52},
  pages = {2724--2735}
}

@ARTICLE{Bretherton_etal_2007,
  author = {C. S. Bretherton and P. N. Blossey and J. Uchida},
  title = {Cloud droplet sedimentation, entrainment efficiency, and subtropical
	stratocumulus albedo},
  journal = grl,
  year = {2007},
  volume = {34},
  doi = {10.1029/2006JD027648}
}

@ARTICLE{Brethertonetal_1999b,
  author = {C. S. Bretherton and S. K. Krueger and M. C. Wyant and P. Bechtold
	and E. Van Meijgaard and B. Stevens and J. Teixeira},
  title = {A \textsc{GCSS} boundary-layer cloud model intercomparison study
	of the first \textsc{ASTEX L}agrangian experiment},
  journal = blm,
  year = {1999},
  volume = {93},
  pages = {341--380}
}

@ARTICLE{Bretherton_etal_1999,
  author = {C. S. Bretherton and M. K. MacVean and P. Bechtold and A. Chlond
	and W. R. Cotton and J. Cuxart and J. W. M. Cuijpers and M. Khairoutdinov
	and B. Kosovic and D. C. Lewellen and C.-H. Moeng and A. P. Siebesma
	and B. Stevens and D. E. Stevens and I. Sykes and M. C. Wyant},
  title = {An intercomparison of radiatively-driven entrainment and turbulence
	in a smoke cloud, as simulated by different numerical models},
  journal = qjrms,
  year = {1999},
  volume = {54},
  pages = {148--167}
}

@ARTICLE{BMG04,
  author = {C. S. Bretherton and J. R. McCaa and H. Grenier},
  title = {A new parameterization for shallow cumulus convection and its application
	to marine subtropical cloud-topped boundary layers. \textsc{P}art
	\textsc{I: D}escription and 1\textsc{D} results},
  journal = mwr,
  year = {2004},
  volume = {132},
  pages = {864--882}
}

@ARTICLE{BrethertonPincus95,
  author = {C. S. Bretherton and R. Pincus},
  title = {Cloudiness and marine boundary layer dynamics in the \textsc{ASTEX}
	\textsc{L}agrangian experiment. \textsc{P}art \textsc{I}: synoptic
	setting and vertical structure},
  journal = jas,
  year = {1995},
  volume = {52},
  pages = {2707--2723}
}

@ARTICLE{Brethertonetal04,
  author = {C. S. Bretherton and T. Uttal and C. W. Fairall and S. E. Yuter and
	R. A. Weller and D. Baumgardner and K. Comstock and R. Wood and G.
	B. Raga},
  title = {The \textsc{EPIC} 2001 stratocumulus study},
  journal = bams,
  year = {2004},
  volume = {85},
  pages = {967--977}
}

@ARTICLE{Bretherton_Wyant_1997,
  author = {C. S. Bretherton and M. C. Wyant},
  title = {Moisture transport, lower-tropospheric stability, and decoupling
	of cloud-topped boundary layers},
  journal = jas,
  year = {1997},
  volume = {54},
  pages = {148--167}
}

@ARTICLE{Bretherton_etal_CGILS_2012,
  author = {C. S. Bretherton and P. N. Blossey and C. R. Jones},
  title = {Mechanisms of marine low cloud sensitivity to idealized climate perturbations: \textsc{A} single-\textsc{LES} exploration extending the \textsc{CGILS} cases},
  journal = {Submitted to J. Adv. Model. Earth. Syst.},
  year = {2012}
}


@ARTICLE{Bretherton_etal_ELF_2014,
  author = {C. S. Bretherton and P. N. Blossey},
  title = {Low cloud reduction in a greenhouse-warmed climate: \textsc{R}esults from \textsc{L}agrangian \textsc{LES} of a subropical marine cloudiness transition },
  journal = james,
  volume = {6},
  year = {2014}
}

@ARTICLE{Bretherton_Blossey_2014,
  author = {C. S. Bretherton and P. N. Blossey},
  title = {Low cloud reduction in a greenhouse-warmed climate: \textsc{R}esults from \textsc{L}agrangian \textsc{LES} of a subropical marine cloudiness transition },
  journal = james,
  volume = {6},
  year = {2014}
}


@ARTICLE{Bretherton_2015,
  author = {C. S. Bretherton},
  title = {Insights into low-latitude cloud feedbacks from high-resolution models},
  journal = {Phil. Trans. R. Soc. A.},
  volume = {373},
  year = {2015},
  doi  = {http://dx.doi.org/10.1098/rsta.2014.0415}
}


@ARTICLE{Brient_Bony_2012,
  author = {F. Brient and S. Bony},
  title  = {Interpretation of the positive low-cloud feedback predicted by a climate model under global warming},
  journal = {Clim. Dyn.},
  year    = {2012},
  doi     = {DOI 10.1007/s00382-011-1279-7}
} 


@ARTICLE{BrinkopRoeckner95,
  author = {S. Brinkop and E. Roeckner},
  title = {Sensitivity of a general circulation model to parameterizations of
	cloud-turbulence interactions in the atmospheric boundary layer},
  journal = {Tellus},
  year = {1995},
  volume = {47A},
  pages = {197--220}
}

@ARTICLE{Brostetal82,
  author = {R. A. Brost and D. H. Lenschow and J. C. Wyngaard},
  title = {Marine stratocumulus layers. \textsc{P}art \textsc{I}: Mean conditions},
  journal = jas,
  year = {1982},
  volume = {39},
  pages = {800--817}
}

@ARTICLE{Brown99,
  author = {A. R. Brown},
  title = {The sensitivity of large-eddy simulations of shallow cumulus convection
	to resolution and subgrid model},
  journal = qjrms,
  year = {1999},
  volume = {125},
  pages = {469--482}
}

@ARTICLE{Brownetal02,
  author = {A. R. Brown and R. T. Cederwall and A. Chlond and P. G. Duynkerke
	and J.-C. Golaz and M. Khairoutdinov and D. C. Lewellen and A. P.
	Lock and M. K. Macvean and C.-H. Moeng and R. A. J. Neggers and A.
	P. Siebesma and B. Stevens},
  title = {Large-eddy simulation of the diurnal cycle of shallow cumulus convection
	over land},
  journal = qjrms,
  year = {2002},
  volume = {128},
  pages = {1075--1093}
}

@ARTICLE{BrownGrant97,
  author = {A. R. Brown and A. L. M. Grant},
  title = {Non-local mixing of momentum in the convective boundary layer},
  journal = blm,
  year = {1997},
  volume = {84},
  pages = {1--22}
}

@article{Brummer_1999,
  title={Roll and cell convection in wintertime \textsc{A}rctic cold-air outbreaks},
  author={B. Br{\"u}mmer},
  journal=jas,
  volume={56},
  number={15},
  pages={2613--2636},
  year={1999}
}

@article{Brummer_Pohlmann_2000,
  title={Wintertime roll and cell convection over \textsc{G}reenland and \textsc{B}arents \textsc{S}ea regions: \textsc{A} climatology},
  author={B. Br{\"u}mmer and S. Pohlmann},
  journal=jgr,
  volume={105},
  pages={15559--15566},
  year={2000},
  publisher={Wiley Online Library}
}

@ARTICLE{Buck81,
  author = {A. L. Buck},
  title = {New equations for computing vapor pressure and enhancement factor},
  journal = jam,
  year = {1981},
  volume = {20},
  pages = {1527--1532}
}

@ARTICLE{BurnetBrenguier07,
  author = {F. Burnet and J.-L. Brenguier},
  title = {Observational study of the entrainment-mixing process in warm convective
	clouds},
  journal = jas,
  year = {2007},
  volume = {64},
  pages = {1995--2011}
}

@ARTICLE{Businger_etal_1971,
  author = {J. A. Businger and J. C. Wyngaard and Y. Izumi and E. F.  Bradley},
  title = { Flux profile relationships in the atmospheric surface layer},
  journal = jas,
  year = {1971},
  volume = {28},
  pages = {181--189},
}

@ARTICLE{Cahalanetal05,
  author = {R. F. Cahalan and L. Oreopoulos and A. Marshak and K. F. Evans and
	A. B. Davis and R. Pincus and K. H. Yetzer and B. Mayer and R. Davies
	and T. P. Ackerman and H. W. Barker and E. E. Clothiaux and R. G.
	Ellingson and M. J. Garay and E. Kassianov and S. Kinne and A. Macke
	and W. O'Hirok and P. T. Partain and S. M. Prigarin and A. N. Rublev
	and G. L. Stephens and F. Szczap and E. E. Takara and T. V\'arnai
	and G. Wen and T. B. Zhuravleva},
  title = {The \textsc{I3RC}: Bringing together the most advanced radiative
	transfer tools for cloudy atmospheres},
  journal = bams,
  year = {2005},
  volume = {86},
  pages = {1275--1293}
}

@ARTICLE{Cahalanetal94,
  author = {R. F. Cahalan and W. Ridgway and W. J. Wiscombe and S. Gollmer and
	Harshvardhan},
  title = {Independent pixel and \textsc{M}onte-\textsc{C}arlo estimates of
	stratocumulus albedo},
  journal = jas,
  year = {1994},
  volume = {51},
  pages = {3776--3790}
}

@ARTICLE{Cahalanetal95,
  author = {R. F. Cahalan and D. Silberstein and J. B. Snider},
  title = {Liquid Water Path and plane-parallel albedo bias during \textsc{ASTEX}},
  journal = jas,
  year = {1995},
  volume = {52},
  pages = {3002--3012}
}

@ARTICLE{CahalanSnider89,
  author = {R. F. Cahalan and J. B. Snider},
  title = {Marine stratocumulus structure},
  journal = rse,
  year = {1989},
  volume = {28},
  pages = {95--107}
}

@ARTICLE{Caldwell_Bretherton_2009,
   author = {P. Caldwell and C. S. Bretherton},
   title = {Response of a Subtropical Stratocumulus-Capped Mixed Layer to Climate and Aerosol Changes},
   journal = jc,
   year = {2009},
   volume = {22},
   pages = {20--38}
}

@ARTICLE{Caldwell_etal_2013,
   author = {P. Caldwell and Y. Zhang and S. Klein},
   title = {\textsc{CMIP3} subtropical stratocumulus cloud feedback interpreted through a mixed-layer model},
   journal = {J. Clim.},
   year = {2013},
   volume = {26},
   pages = {1607--1625}
}


@ARTICLE{Caugheyetal82,
  author = {S. J. Caughey and B. A. Crease and W. T. Roach},
  title = {A field study of nocturnal stratocumulus. II Turbulence structure
	and entrainment},
  journal = qjrms,
  year = {1982},
  volume = {108},
  pages = {125--144}
}

@ARTICLE{CaugheyKitchen84,
  author = {S. J. Caughey and M. Kitchen},
  title = {Simultaneous measurements of the turbulent and microphysical structure
	of nocturnal stratocumulus cloud},
  journal = qjrms,
  year = {1984},
  volume = {110},
  pages = {13--34}
}

@ARTICLE{Cheinet03,
  author = {S. Cheinet},
  title = {A multiple mass-flux parameterization for the surface generated convection.
	Part I: Dry plumes},
  journal = jas,
  year = {2003},
  volume = {60},
  pages = {2313--2327}
}

@PHDTHESIS{Cheinet02,
  author = {S. Cheinet},
  title = {The parameterization of clear and cloudy convective boundary layers},
  school = {Ecole Polytechnique},
  year = {2002},
  address = {Paris, 142 pp (Available from Ecole Polytechnique, Paris, France)}
}

@ARTICLE{Cheinet04,
  author = {S. Cheinet},
  title = {A multiple mass-flux parameterization for the surface-generated convection.
           \textsc{P}art \textsc{II: C}loudy Cores},
  journal = jas,
  year = {2004},
  volume = {61},
  pages = {1093--1113}
}


@ARTICLE{CheinetTeixeira03,
  author = {S. Cheinet and J. Teixeira},
  title = {A simple formulation for the eddy-diffusivity parameterization of
	cloud-topped boundary layers},
  journal = grl,
  year = {2003},
  volume = {30}
}

@article {Chlond_1992,
  author = {A. Chlond},
  title = "{Three-dimensional simulation of cloud street development during a cold air outbreak}",
  journal = blm,
  year = 1992,
  pages = {161--200},
  doi = {10.1007/BF00120757},
}

@ARTICLE{Chlondetal04,
  author = {A. Chlond and F. M\"{u}ller and I. Sednev},
  title = {Numerical simulation of the diurnal cycle of marine stratocumulus
	during FIRE - An EUROCS LES and SCM modeling study},
  journal = qjrms,
  year = {2004},
  note = {submitted for the EUROCS special issue}
}

@ARTICLE{ChlondWolkau00,
  author = {A. Chlond and A. Wolkau},
  title = {Large-eddy simulation of a nocturnal stratocumulus-topped marine
	atmospheric boundary layer: An uncertainty analysis},
  journal = blm,
  year = {2000},
  volume = {95},
  pages = {31--55}
}

 

@ARTICLE{Chung_etal_2012,
  author = {D. Chung and G. Matheou and J. Teixeira},
  title = {Steady-state large-eddy simulations to study the stratocumulus to shallow cumulus cloud transition},
  journal = jas,
  year = {2012},
  volume = {69},
  pages = {3264--3276}
}

@ARTICLE{Ciesielskietal99,
  author = {P. E. Ciesielski and W. H. Schubert and R. H. Johnson},
  title = {Large-Scale Heat and Moisture Budgets over the \textsc{ASTEX} Region},
  journal = jas,
  year = {1999},
  volume = {56},
  pages = {3241-3261},
  number = {18}
}

@ARTICLE{Clement_etal_2009,
  author = {A. C. Clement and R. Burgman and J. R. Norris},
  title  = {Observational and Model Evidence for Positive Low-Level Cloud Feedback},
  journal = {Science},
  year    = {2009},
  volume  = {325},
  pages   = {460--464}
} 

@ARTICLE{Comstock_etal_2004,
  author = {K. K. Comstock and R. Wood and S. E. Yuter and C. S. Bretherton},
  title  = {Reflectivity and rain rate in and below drizzling stratocumulus},
  journal = qjrms,
  year    = {2004},
  volume  = {130},
  pages   = {2891--2918}
} 


@ARTICLE{Considineetal97,
  author = {G. Considine and J. A. Curry and B. Wielicki},
  title = {Modeling cloud fraction and horizontal variability in marine boundary
	layer clouds},
  journal = jgr,
  year = {1997},
  volume = {102},
  pages = {13517--13525}
}

@ARTICLE{Cooketal06,
  author = {B. I. Cook and G. B. Bonan and S. Levis},
  title = {Soil moisture feedbacks to precipitation in Southern Africa},
  journal = jc,
  year = {2006},
  volume = {19},
  pages = {4198--4206}
}

@ARTICLE{Cotton75,
  author = {W. R. Cotton},
  title = {On the parameterization of turbulent transport in cumulus clouds},
  journal = jas,
  year = {1975},
  volume = {32},
  pages = {548--564}
}

@ARTICLE{Couvreuxetal05,
  author = {F. Couvreux and F. Guichard and J. -L. Redelsperger and C. Kiemle
	and V. Masson and J. -P. Lafore and C. Flamant},
  title = {Water-vapour variability within a convective boundary-layer assessed
	by large-eddy simulations and IHOP_2002 observations},
  journal = qjrms,
  year = {2005},
  volume = {131},
  pages = {2665--2693}
}

@ARTICLE{Coxetal87,
  author = {S. K. Cox and D. Mc\textsc{D}ougal and D. A. Randall and R. Schiffler},
  title = {\textsc{FIRE} - \textsc{T}he first \textsc{ISCCP} Regional Experiment},
  journal = bams,
  year = {1987},
  volume = {68},
  pages = {114--118}
}

@PHDTHESIS{Cuijpers94,
  author = {J. W. M. Cuijpers},
  title = {Large-eddy simulation of cumulus convection},
  school = {Technical University Delft},
  year = {1994},
  address = {Delft, 150 pp (Available from Technical University Delft, Delft,
	The Netherlands)}
}

@ARTICLE{CuijpersBechtold95,
  author = {J. W. M. Cuijpers and P. Bechtold},
  title = {A simple parameterization of cloud water related variables for use
	in boundary layer models},
  journal = jas,
  year = {1995},
  volume = {52},
  pages = {2486--2490}
}

@ARTICLE{Cuijpersetal96,
  author = {J. W. M. Cuijpers and P. G. Duynkerke and F. T. M. Nieuwstadt},
  title = {Analyses of variance and flux budgets in cumulus-topped boundary
	layers},
  journal = atmres,
  year = {1996},
  volume = {40},
  pages = {307--337}
}

@ARTICLE{CuijpersHoltslag98,
  author = {J. W. M. Cuijpers and A. A. M. Holtslag},
  title = {Impact of skewness and nonlocal effects on scalar and buoyancy fluxes
	in convective boundary layers},
  journal = jas,
  year = {1998},
  volume = {55},
  pages = {151--162}
}

@INPROCEEDINGS{Culfetal04,
  author = {A. D. Culf and T. Foken and J. H. C. Gash},
  title = {The energy balance closure problem},
  booktitle = {Vegetation, water, humans and the climate. A new perspective on an
	interactive system},
  year = {2004},
  editor = {P. Kabat and M. Claussen and P. A. Dirmeyer et al.},
  pages = {159--166},
  address = {Berlin},
  publisher = {Springer Verlag}
}

@ARTICLE{Curryetal00,
  author = {J. A. Curry and P. V. Hobbs and M. D. King and D. A. Randall and
	P. Minnis and G. A. Isaac and J. O. Pinto and T. Uttal and A. Bucholtz
	and D. G. Cripe and H. Gerber and C. W. Fairall and T. J. Garrett
	and J. Hudson and J. M. Intrieri and C. Jakob and T. Jensen and P.
	Lawson and D. Marcotte and L. Nguyen and P. Pilewskie and A. Rangno
	and D. C. Rogers and K. B. Strawbridge and F. P. J. Valero and A.
	G. Williams and D. Wylie},
  title = {\textsc{FIRE} arctic clouds experiment},
  journal = bams,
  year = {2000},
  volume = {81},
  pages = {5--29}
}

@ARTICLE{Cuxartetal00,
  author = {J. Cuxart and P. Bougeault and J.-L Redelsperger},
  title = {A turbulence scheme allowing for mesoscale and large-eddy simulations},
  journal = qjrms,
  year = {2000},
  volume = {126},
  pages = {1--30}
}

@ARTICLE{Cuxartetal06,
  author = {J. Cuxart and A. A. M. Holtslag and R. J. Beare and E. Bazile and
	A. Beljaars and A. Cheng and L. Conangla and M. Ek and F. Freedman
	and R. Hamdi and A. Kerstein and H. Kitagawa and G. Lenderink and
	D. Lewellen and J. Mailhot and T. Mauritsen and V. Perov and G. Schayes
	and G-J. Steeneveld and G. Svensson and P. Taylor and W. Weng and
	S. Wunsch and K-M. Xu},
  title = {Single-Column Model Intercomparison for a Stably Stratified Atmospheric
	Boundary Layer},
  journal = blm,
  year = {2006},
  volume = {118},
  pages = {273--303}
}

@ARTICLE{Dornbrack97,
  author = {A. D\"{o}rnbrack},
  title = {Broadening of convective cells},
  journal = qjrms,
  year = {1997},
  volume = {123},
  pages = {829--847}
}

@ARTICLE{Davisetal99,
  author = {A. Davis and A. Marshak and H. Gerber and W. Wiscombe},
  title = {Horizontal structure of marine boundary layer clouds from centimeter
	to kilometer scales },
  journal = jgr,
  year = {1999},
  volume = {104},
  pages = {6123--6144}
}

@ARTICLE{Davisetal96,
  author = {A. Davis and A. Marshak and W. Wiscombe and R. F. Cahalan},
  title = {Scale invariance of liquid water distribution in marine stratocumulus.
	\textsc{P}art I: spectral properties and stationary issues. },
  journal = jas,
  year = {1996},
  volume = {53},
  pages = {1538--1558}
}

@article{DaweAustin2011,
author = {J. T. Dawe and P. H. Austin},
title = {Interpolation of \textsc{LES} cloud surfaces for use in direct calculations of entrainment and detrainment},
journal = mwr,
volume = {139},
pages = {444--456},
year = {2011},
doi = {10.1175/2010MWR3473.1},
URL = {http://journals.ametsoc.org/doi/abs/10.1175/2010MWR3473.1},
eprint = {http://journals.ametsoc.org/doi/pdf/10.1175/2010MWR3473.1}
}

@article{DaweAustin2011b,
	author = {J. T. Dawe and P. H. Austin},
	title = {The influence of the cloud shell on tracer budget measurements of  \textsc{LES} cloud entrainment},
	journal = jas,
	volume = {68},
	pages = {2909--2920},
	year = {2011},
	doi = {10.1175/2011JAS3658.1},
}



@ARTICLE{BruinHoltslag82,
  author = {H. A. R. {De Bruin} and A. A. M. Holtslag},
  title = {A simple parametrization of the surface fluxes of sensible and latent
	heat during daytime compared with the \textsc{P}enman-\textsc{M}onteith
	concept},
  journal = jam,
  year = {1982},
  volume = {21},
  pages = {1610--1621}
}

@ARTICLE{Roode_2007a,
  author = {S. R. {De Roode} },
  title = {The role of eddy diffusivity profiles on stratocumulus liquid water
	path biases},
  journal = mwr,
  year = {2007},
  volume = {135},
  pages = {2786--2793}
}

@ARTICLE{Roode07b,
  author = {S. R. {De Roode} },
  title = {Thermodynamics of cumulus clouds},
  journal = {F\'isica de la Tierra},
  year = {2007},
  volume = {19},
  pages = {175--188}
}

@ARTICLE{RB03,
  author = {{De Roode}, S. R. and C. S. Bretherton},
  title = {Mass-flux budgets of shallow cumulus clouds},
  journal = jas,
  year = {2003},
  volume = {60},
  pages = {137--151}
}

@ARTICLE{RD97,
  author = {{De Roode}, S. R. and P. G. Duynkerke},
  title = {Observed \textsc{L}agrangian transition of stratocumulus into cumulus
	during \textsc{ASTEX}: \textsc{M}ean state and turbulence structure},
  journal = jas,
  year = {1997},
  volume = {54},
  pages = {2157--2173}
}

@ARTICLE{RD96,
  author = {{De Roode}, S. R. and P. G. Duynkerke},
  title = {Dynamics of cumulus rising into stratocumulus as observed during
	the first ``\text{L}agrangian'' experiment of \text{ASTEX}},
  journal = qjrms,
  year = {1996},
  volume = {122},
  pages = {1597--1623}
}

@ARTICLE{RDJ04,
  author = {S. R. {De Roode} and P. G. Duynkerke and H. J. J. Jonker},
  title = {Large Eddy Simulation: How large is large enough?},
  journal = jas,
  year = {2004},
  volume = {61},
  pages = {403--421}
}

@CONFERENCE{Roodeetal02,
  author = {S. R. {De Roode} and P. G. Duynkerke and H. J. J. Jonker},
  title = {Countergradient fluxes in the clear convective boundary layer. The
	role of the entrainment flux},
  booktitle = {15th Symposium on boundary layers and turbulence},
  year = {2002},
  pages = {187--190},
  address = {15-19 July 2002, Wageningen, The Netherlands}
}

@ARTICLE{RDS00,
  author = {{De Roode}, S. R. and P. G. Duynkerke and A. P. Siebesma},
  title = {Analogies between mass-flux and Reynolds-averaged equations},
  journal = jas,
  year = {2000},
  volume = {57},
  pages = {1585--1598}
}

@ARTICLE{RJDS04,
  author = {S. R. {De Roode} and H. J. J. Jonker and P. G. Duynkerke and B. Stevens},
  title = {Countergradient fluxes of conserved variables in the clear convective
	and stratocumulus-topped boundary layer: The role of the entrainment
	flux},
  journal = blm,
  year = {2004},
  volume = {112},
  pages = {179--196}
}

@ARTICLE{Roode_Los_2008,
  author = {S. R. {De Roode} and A. Los},
  title = {The effect of temperature and humidity fluctuations on the liquid
	water path of non-precipitating closed-cell stratocumulus},
  journal = qjrms,
  year = {2008},
  volume = {134},
  pages = {403--416}
}

@ARTICLE{Roode_Wang_2007,
  author = {S. R. {De Roode} and Q. Wang},
  title = {Do stratocumulus cloud detrain? FIRE I data revisited},
  journal = blm,
  year = {2007},
  volume = {122},
  pages = {479--491}
}

@ARTICLE{RooySiebesma10,
  author = {W. C. {De Rooy} and A. P. Siebesma},
  title = {Analytical expressions for entrainment and detrainment in cumulus convection},
  journal = qjrms,
  year = {2010},
  volume = {136},
  pages = {1216--1227}
}


@ARTICLE{Rosnayetal02,
  author = {P. {De Rosnay} and J. Polcher and M. Bruen and K. Laval},
  title = {Impact of a physically based soil water flow and soil-plant interaction
	representation for modeling large-scale land surface processes},
  journal = jgr,
  year = {202},
  volume = {107},
  doi = {doi:10.1029/2001JD000634}
}

@INPROCEEDINGS{Deardorff_1973,
  author = {J. W. Deardorff},
  title = {Three-dimensional numerical modeling of the planetary boundary layer},
  booktitle = {Workshop on Micrometeorology},
  year = {1973},
  editor = {D. A. Haugen},
  pages = {271--311},
  publisher = {Amer. Met. Soc. Boston}
}




@ARTICLE{Deardorff_1976,
  author = {J. W. Deardorff},
  title = {On the entrainment rate of a stratocumulus-topped mixed layer},
  journal = qjrms,
  year = {1976},
  volume = {102},
  pages = {563--582}
}

@ARTICLE{Deardorff72,
  author = {J. W. Deardorff},
  title = {Theoretical expression for the countergradient vertical heat flux},
  journal = jgr,
  year = {1972},
  volume = {77},
  pages = {5900--5904}
}

@ARTICLE{Deardorff79,
  author = {J. W. Deardorff},
  title = {Prediction of convective mixed-layer entrainment for realistic capping
	inversion structure},
  journal = jas,
  year = {1979},
  volume = {36},
  pages = {424--436}
}

@ARTICLE{Deardorff_1980_ctei,
  author = {J. W. Deardorff},
  title = {Cloud-top entrainment instability},
  journal = jas,
  year = {1980},
  volume = {37},
  pages = {131--147}
}

@ARTICLE{Deardorff_1980,
  author = {J. W. Deardorff},
  title = {Stratocumulus-capped mixed layers derived from a three-dimensional model},
  journal = blm,
  year = {1980},
  volume = {18},
  pages = {495--527}
}


@ARTICLE{Deardorff_etal_80,
  author = {J. W. Deardorff and G. E. Willis and B. H. Stockton},
  title = {Laboratory studies of the entrainment zone of a convectively mixed
	layer},
  journal = jfm,
  year = {1980},
  volume = {100},
  pages = {41--64}
}

@ARTICLE{DeardorffWillis85,
  author = {J. W. Deardorff and G. E. Willis},
  title = {Further results from a laboratory model of the convective planetary
	boundary layer},
  journal = blm,
  year = {1985},
  volume = {32},
  pages = {205--236}
}

@ARTICLE{Dorrestijn_etal_2013a,
  author = {J. Dorrestijn and D. T. Crommelin and A. P. Siebesma and H. J. J. Jonker},
  title = {Stochastic parameterization of shallow cumulus convection estimated from high-resolution model data},
  journal = {Theor. Comput. Fluid Dyn.},
  year = {2013},
  volume = {27},
  pages = {133--148}
}


@ARTICLE{Driedonks_1982,
  author = {A. G. M. Driedonks},
  title = {Models and observations of the growth of the atmospheric boundary layer},
  journal = blm,
  year = {1982},
  volume = {23},
  pages = {283--306}
}


@ARTICLE{Driel_Jonker_2011,
  author = {R. {Van Driel}, and H. J. J. Jonker},
  title  = {Convective boundary layers driven by nonstationary surface heat fluxes},
  journal = jas,
  year    = {2011},
  volume  = {68},
  pages   = {727--738}
}

@ARTICLE{Domaradzki92,
  author = {J. A. Domaradzki},
  title = {Nonlocal triad interactions and the dissipation range of isotropic
	turbulence},
  journal = pfa,
  year = {1992},
  volume = {4},
  pages = {2037--2045}
}

@ARTICLE{Dongetal05,
  author = {X. Dong and P. Minnis and B. Xi},
  title = {A climatology of midlatitude continental clouds from the ARM SGP
	Central Facility: Part I: Low-level cloud macrophysical, microphysical,
	and radiative properties},
  journal = jc,
  year = {2005},
  volume = {18},
  pages = {1391--1410}
}

@ARTICLE{Dudaetal91,
  author = {D. P. Duda and G. L. Stephens and S. K. Cox},
  title = {Microphysical and radiative properties of marine stratocumulus from
	tethered balloon measurements},
  journal = jam,
  year = {1991},
  volume = {30},
  pages = {170--186}
}

@ARTICLE{Dufresne_Bony_2008,
  author = {J.-L. Dufresne and S. Bony},
  title  = {An Assessment of the Primary Sources of Spread of Global Warming Estimates from Coupled Atmosphere–Ocean Models},
  journal = jc,
  year    = {2008},
  volume  = {21},
  pages   = {5135--5144}
} 

@ARTICLE{Durandetal00,
  author = {P. Durand and F. Thoumieux and D. Lambert},
  title = {Turbulent length-scales in the marine atmospheric mixed layer},
  journal = qjrms,
  year = {2000},
  volume = {126},
  pages = {1889--1912}
}

@ARTICLE{Durran89,
  author = {D. R. Durran},
  title = {Improving the anelastic approximation},
  journal = jas,
  year = {1989},
  volume = {46},
  pages = {1453--1461}
}

@ARTICLE{Dussen_ASTEX_2013,
  author = {J. J. {Van der Dussen}  and S. R. de Roode and A. S. Ackerman and P. N. Blossey and C. S. Bretherton and M. J. Kurowski and A. P. Lock and R. A. J. Neggers and I. Sandu and A. P. Siebesma},
  title = {The \textsc{GASS/EUCLIPSE} model intercomparison of the stratocumulus transition as observed during \textsc{ASTEX: LES} results},
  journal = james,
  year = {2013},
  volume = {5},
  pages = {1--17}
}

@ARTICLE{Dussen_etal_2014,
  author = {J. J. {Van der Dussen} and  S. R. de Roode and A. P. Siebesma},
  title = {Factors controlling rapid stratocumulus cloud thinning},
  journal = jas,
  year = {2014},
  volume = {71},
  pages = {655--664}
}

@ARTICLE{Dussen_etal_2015,
  author = {J. J. {Van der Dussen} and  S. R. de Roode and S. Dal Gesso and A. P. Siebesma},
  title = {An LES model study of the influence of the free tropospheric thermodynamic conditions on the stratocumulus response to a climate perturbation},
  journal = james,
  year = {2015},
  volume = {0},
  pages = {0--0}
}
 
@ARTICLE{Dussen_etal_2015b,
  author = {J. J. {Van der Dussen} and  S. R. de Roode  and A. P. Siebesma},
  title = {How large-scale subsidence affects stratocumulus transitions},
  journal = {Submitted to Atmos. Chem. Phys. Discuss.},
  year = {2015},
  volume = {0},
  pages = {0--0}
}
 

@ARTICLE{DK93,
  author = {P. G. Duynkerke},
  title = {The stability of cloud top with regard to entrainment: \textsc{A}mendment
	of the theory of cloud-top entrainment instability},
  journal = jas,
  year = {1993},
  volume = {50},
  pages = {495--502}
}

@INPROCEEDINGS{Duynkerke93,
  author = {P. G. Duynkerke},
  title = {E-$\epsilon$ turbulence closure study of diurnal variation in a stratocumulus-capped
	marine boundary layer},
  booktitle = {Parametrization of the cloud topped boundary layer},
  year = {1993},
  publisher = {\textsc{ECMWF} workshop, \textsc{ECMWF}, \textsc{S}hinfield \textsc{P}ark,
	\textsc{R}eading \textsc{RG}2 9\textsc{AX, UK}}
}

@ARTICLE{DR01,
  author = {P. G. Duynkerke and S. R. {De Roode}},
  title = {Surface energy balance and turbulence characteristics observed at
	the \textsc{SHEBA} ice camp during \textsc{FIREIII}},
  journal = jgr,
  year = {2001},
  volume = {106},
  pages = {15313-15322}
}

@ARTICLE{DuynkerkeHignett93,
  author = {P. G. Duynkerke and P. Hignett },
  title = {Simulation of diurnal variation in a stratocumulus-capped marine
	boundary layer during \textsc{FIRE}},
  journal = mwr,
  year = {1993},
  volume = {121},
  pages = {3291--3300}
}

@ARTICLE{Duynkerke_etal_1999,
  author = {P. G. Duynkerke and P. J. Jonker and A. Chlond and M. C. {Van Zanten}
	and J. Cuxart and P. Clark and E. Sanchez and G. M. Martin and G.
	Lenderink and J. Teixeira},
  title = {Intercomparison of three- and one-dimensional model simulations and
	aircraft observations of stratocumulus},
  journal = blm,
  year = {1999},
  volume = {92},
  pages = {453--487}
}

@ARTICLE{Duynkerke_etal_2004,
  author = {P. G. Duynkerke and S. R. de Roode and M. C. van Zanten and J. Calvo
	and J. Cuxart and S. Cheinet and A. Chlond and H. Grenier and P.
	J. Jonker and M. K\"{o}hler and G. Lenderink and D. Lewellen and
	C.-L. Lappen and A. P. Lock and C.-H. Moeng and F. M\"{u}ller and
	D. Olmeda and J.-M. Piriou and E. Sanchez and I. Sednev},
  title = {Observations and numerical simulations of the diurnal cycle of the
	\textsc{EUROCS} stratocumulus case},
  journal = qjrms,
  year = {2004},
  volume = {130},
  pages = {3269--3296}
}

@ARTICLE{DuynkerkeTeixeira01,
  author = {P. G. Duynkerke and J. Teixeira},
  title = {Comparison of the \textsc{ECMWF} reanalysis with \textsc{FIRE I}
	observations: Diurnal variation of marine stratocumulus},
  journal = jc,
  year = {2001},
  volume = {14},
  pages = {1466--1478}
}

@ARTICLE{Duynkerkeetal95,
  author = {P. G. Duynkerke and and H.-Q. Zhang and P. J. Jonker},
  title = {Microphysical and turbulent structure of nocturnal stratocumulus
	as observed during \textsc{ASTEX}},
  journal = jas,
  year = {1995},
  volume = {52},
  pages = {2763--2777}
}

@ARTICLE{Dyer_1974,
  author = {A. J. Dyer},
  title = {A review of flux-profile relationships},
  journal = blm,
  year = {1974},
  volume = {7},
  pages = {363--372}
}

@TECHREPORT{ECMWF_C36R1,
  author = {\textsc{ECMWF} c36r1},
  title = {\textsc{IFS} documentation - Cy36r1. \textsc{O}perational implementation 26 \textsc{J}anuary 2010},
  institution = {European \textsc{C}entre for \textsc{M}edium-\textsc{R}ange \textsc{W}eather \textsc{F}orecasts},
  year = {2010},
  address = {Shinfield \textsc{P}ark, \textsc{R}eading, \textsc{RG2 9AX, E}ngland}
}

@TECHREPORT{ECMWF_IFS,
  author = {\textsc{ECMWF} Cy41r1},
  title = {\textsc{IFS} documentation - Cy41r1. \textsc{O}perational implementation 12 \textsc{M}ay 2015},
  institution = {European \textsc{C}entre for \textsc{M}edium-\textsc{R}ange \textsc{W}eather \textsc{F}orecasts},
  year = {2015},
  address = {Shinfield \textsc{P}ark, \textsc{R}eading, \textsc{RG2 9AX, E}ngland}
}
%http://old.ecmwf.int/publications/library/do/references/list/151



@BOOK{Emanuel,
  title = {Atmospheric Convection},
  publisher = {Oxford University Press},
  year = {1994},
  author = {K. A. Emanuel},
  address = {New York}
}

@ARTICLE{Ertel42,
  author = {H. Ertel},
  title = {Der vertikale \textsc{T}urbulenz-\textsc{W}\"{a}rmestrom in der Atmosph\"{a}re},
  journal = {Meteor. Z.},
  year = {1942},
  volume = {59},
  pages = {250--253}
}

@ARTICLE{Faloona_etal_2005,
  author = {I. Faloona and D. H. Lenschow and T. Campos and B. Stevens and M.
	Van Zanten and B. Blomquist and D. Thornton and A. Bandy and H. Gerber},
  title = {Observations of entrainment in eastern Pacific Marine stratocumulus
	using three conserved scalars},
  journal = jas,
  year = {2005},
  volume = {62},
  pages = {3268--3285}
}

@ARTICLE{Feddesetal01,
  author = {R. A. Feddes and H. Hoff and M. Bruen and T. Dawson and P. de Rosnay
	and P. Dirmeyer and R. B. Jackson and P. Kabat and A. Kleidon and
	A. Lilly and A. J. Pitman},
  title = {Modeling root water uptake in hydrological and climate models},
  journal = bams,
  year = {2001},
  volume = {82},
  pages = {2797--2809}
}

@article{Feingold_etal_2010,
  title={Precipitation-generated oscillations in open cellular cloud fields},
  author={G. Feingold and I. Koren and H. Wang and H. Xue and W. A. Brewer},
  journal={Nature},
  volume={466},
  pages={849--852},
  year={2010},
  publisher={Nature Publishing Group}
}

@ARTICLE{Fiedler00,
  author = {B. H. Fiedler},
  title = {Dissipative heating in climate models},
  journal = qjrms,
  year = {2000},
  volume = {126},
  pages = {925--939}
}

@ARTICLE{Fiedler93,
  author = {B. H. Fiedler},
  title = {Cell broadening in three-dimensional thermal convection between poorly
	conducting boundaries},
  journal = {Beitr. Phys. Atmos.},
  year = {1993},
  volume = {66},
  pages = {173--181}
}

@ARTICLE{FiedlerKhairoutdinov94,
  author = {B. H. Fiedler and M. Khairoutdinov},
  title = {Cell broadening in three-dimensional thermal convection between poorly
	conducting boundaries: large eddy simulations},
  journal = {Beitr. Phys. Atmos. },
  year = {1994},
  volume = {67},
  pages = {235--241}
}

@ARTICLE{Foken08,
  author = {T. Foken},
  title = {The energy balance closure problem: An overview},
  journal = eo,
  year = {2008},
  volume = {18},
  pages = {1351--1367}
}

@ARTICLE{FokenOncley95,
  author = {T. Foken and S. P. Oncley},
  title = {Results of the workshop "\textsc{I}nstrumental and methodical problems
	of land surface flux measurements"},
  journal = bams,
  year = {1995},
  volume = {76},
  pages = {1191--1193}
}

@INPROCEEDINGS{Fouquart85,
  author = {Y. Fouquart},
  title = {Radiation in boundary layer clouds},
  booktitle = {Report, JSC/CAS Workshop on Modelling of Cloud-Topped Boundary Layer
	},
  year = {1985},
  pages = {Appendix D, 40 pp},
  organization = {Fort Collins, CO, WMO/TD 75}
}

@BOOK{Garratt,
  title = {The atmospheric boundary layer},
  publisher = {Cambridge University Press},
  year = {1994},
  author = {J. R. Garratt},
  address = {Cambridge},
  edition = {First paperback},
  note = {316 pp}
}

@ARTICLE{GarrattSegal88,
  author = {J. R. Garratt and M. Segal},
  title = {On the contribution of atmospheric moisture to dew formation},
  journal = blm,
  year = {1988},
  volume = {45},
  pages = {209--236}
}

@ARTICLE{Garstangetal05,
  author = {M. Garstang and R. Bruintjes and R. Serafin and H. Orville and B.
	Boe and W. Cotton and J. Warburton},
  title = {Weather modification. Finding common ground},
  journal = bams,
  year = {2005},
  volume = {86},
  pages = {647--655}
}

@article{Gerard_2007,
  title={An integrated package for subgrid convection, clouds and precipitation compatible with meso-gamma scales},
  author={L. Gerard},
  journal=qjrms,
  volume={133},
  pages={711--730},
  year={2007},
  publisher={Wiley Online Library}
}


@ARTICLE{Gerber_etal_2005,
  author = {H. Gerber and G. Frick and S. P. Malinowski and S. -L. Brenguier
	and F. Burnet},
  title = {Holes and entrainment in stratocumulus},
  journal = jas,
  year = {2005},
  volume = {62},
  pages = {443--459}
}

@ARTICLE{Gerber_etal_1999,
  author = {H. Gerber and G. Frick and A. R. Rodi},
  title = {Ground-based \textsc{FSSP} and \textsc{PVM} measurements of liquid
	water},
  journal = jaot,
  year = {1999},
  volume = {16},
  pages = {1143--1149}
}


@ARTICLE{Gesso_MLM,
  author = {S. {Dal Gesso} and A. P. Siebesma and S. R. de Roode and J. M. van Wessem },
  title = {A mixed-layer model perspective on stratocumulus steady states in a perturbed climate},
  journal = qjrms,
  year = {2014},
  doi = {10.1002/qj.2282}
}

@ARTICLE{Gesso_etal_2014,
  author = {S. {Dal Gesso} and A. P. Siebesma and S. R. de Roode },
  title = { Evaluation of low-cloud climate feedback through Single-Column Model equilibrium states},
  journal = qjrms,
  year = {2014},
  doi = {10.1002/qj.2398}
}


@ARTICLE{Gesso_etal_2015,
  author = {S. {Dal Gesso} and J. J. {van der Dussen} and A. P. Siebesma and S. R. de Roode  and  I. A. Boutle and Y. Kamae and R. Roehrig and J. Vial},
  title = {A Single-Column Model intercomparison on the stratocumulus representation in present-day and future climate},
  journal = james,
  year = {2015},
  volume = {0},
  pages = {0--0}
}






@BOOK{Gill,
  title = {Atmosphere-Ocean Dynamics},
  publisher = {Academic Press, New York},
  year = {1982},
  author = {A. E. Gill},
  note = {662 pp}
}

@ARTICLE{Golazetal11,
    author = {J.-C. Golaz and M. Salzmann, L. J. Donner, L. W. Horowitz, Y. Ming, and M. Zhao},
    title = {Sensitivity of the aerosol indirect effect to subgid variability in the cloud parameterization of the \textsc{GFDL} \textsc{A}tmosphere \textsc{G}eneral \textsc{C}irculation \textsc{M}odel \textsc{AM3}},
    journal = jc,
    year = {2011},
    volume = {24},
    pages = {3145--3160},
    doi =  {doi:10.1175/2010JCLI3945.1} 
}



@TECHREPORT{GoodmanMiller76,
  author = {J. K. Goodman and A. Miller},
  title = {Mass transport across a temperature inversion},
  institution = {San Jose State University, Dept. of Met.},
  year = {1976},
  number = {76-10}
}

@ARTICLE{Gordon_Norris_2010,
  author = {N. D. Gordon and J. R. Norris},
  title  = {Cluster analysis of midlatitude oceanic cloud regimes: mean properties and temperature sensitivity},
  journal = acp,
  year    = {2010},
  volume  = {10},
  pages   = {6435--6459}
} 

@ARTICLE{Grabowski07,
  author = {W. W. Grabowski},
  title = {Representation of turbulent mixing and buoyancy reversal in bulk
	cloud models},
  journal = {submitted to jas},
  year = {2007}
}

@ARTICLE{Grachev_etal_2007,
  author = {A. A. Grachev and E. L. Andreas and C. W. Fairall and P. S. Guest and P. O. G. Persson},
  title = {SHEBA flux?profile relationships in the stable atmospheric boundary layer},
  journal = blm,
  volume ={124},
  year = {2007},
  pages={315--333}
}

@ARTICLE{Grant06,
  author = {A. L. M. Grant},
  title = {Cloud-base fluxes in the cumulus-capped boundary layer},
  journal = qjrms,
  year = {2006},
  volume = {127},
  pages = {407--421}
}

@ARTICLE{GrantBrown99,
  author = {A. L. M. Grant and A. R. Brown},
  title = {A similarity hypothesis for shallow-cumulus transports},
  journal = qjrms,
  year = {1999},
  volume = {125},
  pages = {1913--1936}
}

@ARTICLE{GrantLock04,
  author = {A. L. M. Grant and A. P. Lock},
  title = {The turbulent kinetic energy budget for shallow cumulus convection},
  journal = qjrms,
  year = {2004},
  volume = {130},
  pages = {401--422}
}

@ARTICLE{Gregory01,
  author = {D. Gregory},
  title = {Estimation of entrainment rate in simple models of convective clouds},
  journal = qjrms,
  year = {2001},
  volume = {127},
  pages = {53--72}
}

@ARTICLE{GrenierBretherton01,
  author = {H. Grenier and C. S. Bretherton},
  title = {A moist \textsc{PBL} parameterization for large-scale models and
	its application to subtropical cloud-topped marine boundary layers},
  journal = mwr,
  year = {2001},
  volume = {129},
  pages = {357--377}
}

@ARTICLE{GryanikHartmann02,
  author = {V. M. Gryanik and J. Hartmann},
  title = {A turbulence closure for the convective boundary layer based on a
	two-scale mass-flux approach},
  journal = jas,
  year = {2002},
  volume = {59},
  pages = {2729--2744}
}

@ARTICLE{Guichardetal04,
  author = {F. Guichard and J. Petch and Co-authors},
  title = {Modelling of the diurnal cycle of deep convection over land},
  journal = qjrms,
  year = {2004},
  note = {submitted for the EUROCS special issue}
}

@ARTICLE{HarshvardhanRandall85,
  author = {Harshvardhan and D. A. Randall},
  title = {Comments on "The parameterization of radiation for numerical weather
	prediction and climate models"},
  journal = mwr,
  year = {1985},
  volume = {113},
  pages = {1832--1833}
}

@ARTICLE{Hartmann_etal_1992,
  author = {D. L. Hartmann and M. E. Ockert-Bell and M. L. Michelsen},
  title = {The effect of cloud type on \textsc{E}arth's energy balance - \textsc{G}lobal analysis},
  journal = jc,
  year = {1992},
  volume = {5},
  pages = {1281--1304}
}

@ARTICLE{Heerwaarden_etal_2008,
  author = {C. C. {Van Heerwaarden} and J. {Vil\`{a} Guerau de Arellano}},
  title = {Relative humidity as an indicator for cloud formation over heterogeneous land surfaces},
  journal = jas,
  year = {2008},
  volume = {65},
  pages = {3263--3277}
}


@ARTICLE{HeusJonker2008,
  author = {T. Heus and H. J. J. Jonker},
  title = {Subsiding shells around shallow cumulus clouds},
  journal = jas,
  year = {2008},
  volume = {65},
  pages = {1003--1018}
}


@ARTICLE{Heus_etal_2010,
  author = {T. Heus and C. C. {van Heerwaarden} and H. J. J. Jonker and A. P.
	Siebesma and S. Axelsen and K. {van den Dries} and O. Geoffroy and
	A. F. Moene and D. Pino and S. R de Roode and J. {Vil\`{a}-Guerau
	de Arellano}},
  title = {Formulation of the \textsc{D}utch \textsc{A}tmospheric \textsc{L}arge-\textsc{E}ddy \textsc{S}imulation (\textsc{DALES}) and overview of its applications},
  journal = {Geosci. Model Development},
  year = {2010},
  volume = {3},
  pages = {415--444},
  doi = {10.5194/gmd-3-415-2010}
}

@ARTICLE{Heusinkveldetal04,
  author = {B. G. Heusinkveld and A. F. G. Jacobs and A. A. M. Holtslag and S.
	M. Berkowicz},
  title = {Surface energy balance closure in an arid region: role of soil heat
	flux},
  journal = afm,
  year = {2004},
  volume = {122},
  pages = {21--37},
  doi = {doi:10.1016/j.agrformet.2003.09.005}
}

@ARTICLE{HibberdSawford94,
  author = {M. F. Hibberd and B. L. Sawford},
  title = {A saline laboratory model of the planetary convective boundary-layer},
  journal = blm,
  year = {1994},
  volume = {67},
  pages = {229--250}
}

@ARTICLE{Hignett91,
  author = {P. Hignett},
  title = {Observations of the diurnal variation in a cloud-capped marine boundary
	layer},
  journal = jas,
  year = {1991},
  volume = {48},
  pages = {1474--1482}
}

@ARTICLE{Hoggetal83,
  author = {D. C. Hogg and F. O. Guiraud and J. B. Snider and M. T. Decker and
	E. R. Westwater},
  title = {A steerable dual-channel microwave radiometer for measurements of
	water vapor and liquid in the troposphere},
  journal = jcam,
  year = {1983},
  volume = {22},
  pages = {789--806}
}

@BOOK{Holton,
  title = {An Introduction to Dynamic Meteorology},
  publisher = {Academic Press},
  year = {1992},
  author = {J. R. Holton},
  note = {511 pp}
}

@ARTICLE{Holton73,
  author = {J. R. Holton},
  title = {A one-dimensional cumulus model including pressure perturbations},
  journal = mwr,
  year = {1973},
  volume = {101},
  pages = {201--205}
}

@ARTICLE{Holtslag06,
  author = {A. A. M. Holtslag},
  title = {Preface: \textsc{GEWEX A}tmospheric \textsc{B}oundary-layer \textsc{S}tudy
	(\textsc{GABLS}) on stable boundary layers},
  journal = blm,
  year = {2006},
  volume = {118},
  pages = {243--246}
}

@ARTICLE{HoltslagBruin88,
  author = {A. A. M. Holtslag and H. A. R. {de Bruin}},
  title = {Applied modelling of the nighttime surface energy balance over land},
  journal = jam,
  year = {1988},
  volume = {27},
  pages = {689--704}
}

@ARTICLE{HoltslagBoville93,
  author = {A. A. M. Holtslag and B. A. Boville},
  title = {Local versus nonlocal boundary-layer diffusion in a global climate
	model},
  journal = jc,
  year = {1993},
  volume = {6},
  pages = {1825--1842}
}

@ARTICLE{HoltslagMoeng91,
  author = {A. A. M. Holtslag and C.-H. Moeng},
  title = {Eddy diffusivity and countergradient transport in the convective
	atmospheric boundary layer},
  journal = jas,
  year = {1991},
  volume = {48},
  pages = {1690--1698}
}

@ARTICLE{HoltslagMoeng91,
  author = {A. A. M. Holtslag and C.-H. Moeng},
  title = {Eddy diffusivity and countergradient transport in the convective
	atmospheric boundary layer},
  journal = jas,
  year = {1991},
  volume = {48},
  pages = {1690--1698}
}

@ARTICLE{Honnert_etal_2011,
  author = {R. Honnert and V. Masson and F. Couvreux},
  title = {A diagnostic for evaluating the representation of turbulence in atmospheric models at the kilometric scale},
  journal = jas,
  year = {2011},
  volume = {68},
  pages = {3112–-3131}
}

@BOOK{IribarneGodson,
  title = {Atmospheric Thermodynamics},
  publisher = {D. Reidel},
  year = {1981},
  author = {J. V. Iribarne and W. L. Godson},
  edition = {2nd ed.},
  note = {259 pp}
}

@ARTICLE{Jacobsetal08,
  author = {A. F. G. Jacobs and B. G. Heusinkveld and A. A. M. Holtslag},
  title = {Towards closing the surface energy budget of a mid-latitude grassland},
  journal = blm,
  year = {2008},
  volume = {126},
  pages = {125--136}
}

@ARTICLE{Jacobsetal06,
  author = {A. F. G. Jacobs and B. G. Heusinkveld and R. J. Wichink Kruit and
	S. M. Berkowicz},
  title = {Contribution of dew to the water budget of a grassland area in the
	\textsc{N}etherlands},
  journal = {Water Resour. Res.},
  year = {2006},
  volume = W03415,
  doi = {doi:10.1029/2005WR004055}
}

@ARTICLE{Jakob99,
  author = {C. Jakob},
  title = {Clouds in the \textsc{ECMWF} \textsc{R}e-\textsc{A}nalysis},
  journal = jc,
  year = {1999},
  volume = {12},
  pages = {947--959}
}

@ARTICLE{JakobSiebesma03,
  author = {C. Jakob and A. P. Siebesma},
  title = {A new subcloud model for mass-flux convection schemes: influence on triggering, updraft properties, and model climate},
  journal = mwr,
  year = {2003},
  volume = {131},
  pages = {2765--2778}
}



@TECHREPORT{JansenKoehler07,
  author = {P. A. E. M. Jansen and M. Koehler},
  title = {Notes on the exact solution of moist updraught equations},
  institution = {ECMWF, Reading, UK},
  year = {2007},
  number = {366}
}

@ARTICLE{JefferyAustin03,
  author = {C. A. Jeffery and P. H. Austin},
  title = {Unified treatment of thermodynamic and optical variability in a simple
	model of unresolved low clouds},
  journal = jas,
  year = {2003},
  volume = {60},
  pages = {1621--1631}
}

@ARTICLE{Johanssonetal01,
  author = {C. Johansson and A. Smedman and U. H\"{o}gstr\"{o}m and J. G. Brasseur
	and S. Khanna},
  title = {Critical test of the validity of Monin-Obukhov similarity during
	convective conditions},
  journal = jas,
  year = {2001},
  volume = {58},
  pages = {1549--1566}
}

@ARTICLE{Johnson05,
  author = {B. T. Johnson},
  title = {The semidirect aerosol effect: Comparison of a single-column model
	with large eddy simulation for marine stratocumulus},
  journal = jc,
  year = {2005},
  volume = {18},
  pages = {119--130}
}

@ARTICLE{Jonas90,
  author = {P. R. Jonas},
  title = {Observations of cumulus cloud entrainment},
  journal = atmres,
  year = {1990},
  volume = {25},
  pages = {105--127}
}

@ARTICLE{Jones_etal_2014,
 author = {C. R. Jones and C. S. Bretherton and P. N. Blossey},
 title = {Fast stratocumulus time scale in mixed layer model and large eddy simulation},
 journal = james,
 year = {2014},
 volume = {6},
 doi = {10.1002/2013MS000289}
}


@ARTICLE{Jonker_etal_1999,
  author = {H. J. J. Jonker and P. G. Duynkerke and J. W. M. Cuijpers},
  title = {Mesoscale fluctuations in scalars generated by boundary layer convection},
  journal = jas,
  year = {1999},
  volume = {56},
  pages = {801--808}
}

@CONFERENCE{JonkerDK97,
  author = {H. J. J. Jonker and P. G. Duynkerke and J. W. M. Cuijpers},
  title = {Energy spectra in the mesoscale range: An \textsc{LES} study},
  booktitle = {12th Symposium on boundary layers and turbulence},
  year = {1997},
  pages = {225--226},
  address = {July 28-August 1, 1997, Vancouver, BC, Canada}
}

@CONFERENCE{Jonkeretal99b,
  author = {H. J. J. Jonker and P. G. Duynkerke and A. P. Siebesma},
  title = {Development of mesoscale fluctuations in cloud topped boundary layers},
  booktitle = {Proceedings of the 13th Symposium on \textsc{B}oundary \textsc{L}ayers
	and \textsc{T}urbulence},
  year = {1999},
  pages = {197--200},
  address = {10-15 January, 1999, Dallas, Texas}
}

@article{Jonker_etal_2004,
  title={Characteristic length scales of reactive species in a convective boundary layer},
  author={H. J. J. Jonker and J. Vil{\`a}-Guerau de Arellano and P. G. Duynkerke},
  journal=jas,
  volume={61},
  pages={41--56},
  year={2004}
}

@ARTICLE{Jonkeretal08,
  author = {H. J. J. Jonker and T. Heus and P. P. Sullivan},
  title = {A refined view of vertical mass transport by cumulus convection},
  journal = grl,
  year = {2008},
  volume = {35},
  doi = {doi:10.1029/2007GL032606}
}



@ARTICLE{Josephetal76,
  author = {J. H. Joseph and W. J. Wiscombe and J. A. Weinman},
  title = {The delta-\textsc{E}ddington approximation for radiative flux transfer},
  journal = jas,
  year = {1976},
  volume = {33},
  pages = {2452--2459}
}

@ARTICLE{Kaimaletal76,
  author = {J. C. Kaimal and J. C. Wyngaard and D. A. Haugen and O. R. Cote and
	Y. Izumi and S. J. Caughey and C. J. Readings},
  title = {Turbulence structure in the convective boundary layer},
  journal = jas,
  year = {1976},
  volume = {33},
  pages = {2152--2169}
}

@ARTICLE{Kaimaletal72,
  author = {J. C. Kaimal and J. C. Wyngaard and and Y. Izumi and O. R. Cote},
  title = {Spectral characteristics of surface-layer turbulence},
  journal = qjrms,
  year = {1972},
  volume = {98},
  pages = {563--589}
}

@ARTICLE{Kain04,
  author = {J. S. Kain},
  title = {The \textsc{K}ain-\textsc{F}ritsch convective parameterization: \textsc{A}n
	update},
  journal = jam,
  year = {2004},
  volume = {43},
  pages = {170--181}
}

@ARTICLE{KainFritsch90,
  author = {J. S. Kain and J. M. Fritsch},
  title = {A one-dimensional entraining/detraining plume model and its application
	in convective parameterization},
  journal = jas,
  year = {1990},
  volume = {47},
  pages = {2784--2802}
}

@ARTICLE{Kanthaetal77,
  author = {L. H. Kantha and O. W. Phillips and R. S. Azad},
  title = {On turbulent entrainment at a stable density interface},
  journal = {jfm},
  year = {1977},
  volume = {79},
  pages = {763--768}
}

@ARTICLE{Katoetal96,
  author = {K. T. Kato and T. Koshida and T. Takeda},
  title = {On the unstable stratification associated with cloud top entrainment
	instability over the East China Sea during cold-air outbreak situations},
  journal = {J. Meteor. Soc. Japan. },
  year = {1996},
  volume = {74},
  pages = {655--671}
}

@ARTICLE{Kawa_Pearson_1989,
  author = {S. R. Kawa and R. Pearson},
  title = {An observational study of stratocumulus entrainment and thermodynamics},
  journal = jas,
  year = {1989},
  volume = {46},
  pages = {2650--2661}
}


@ARTICLE{Kazil_etal_2015,
  author = {J. Kazil and G. Feingold and T. Yamaguchi},
  title = {Wind speed response of marine non-precipitating stratocumulus clouds over a diurnal cycle in cloud-system resolving simulations},
  journal = acpd,
  year = {2015},
  volume = {15},
  doi={doi:10.5194/acpd-15-28395-2015},
  pages = {28395--28452}
}

@ARTICLE{KK00,
  author = {M. K. Khairoutdinov and Y. Kogan},
  title = {A new cloud physics parameterization in a large-eddy simulation model
	of marine stratocumulus},
  journal = jas,
  year = {2000},
  volume = {128},
  pages = {229--243}
}

@ARTICLE{Khairoutdinov_Randall_2005,
  author = {M. K. Khairoutdinov and D. A. Randall},
  title  = {Cloud-resolving modeling of the \textsc{ARM} summer 1997 \textsc{IOP}: \textsc{M}odel formulation, results, uncertainties and sensitivities},
  journal = jas,
  year    = 2005,
  volume  = 60,
  pages   = {607-625},
}

@ARTICLE{KhannaBrasseur98,
  author = {S. Khanna and J. G. Brasseur},
  title = {Three-dimensional buoyancy and shear-induced local structure of the
	atmospheric boundary layer},
  journal = jas,
  year = {1998},
  volume = {55},
  pages = {710--743}
}

@ARTICLE{KimKang2011,
  author = {D. Kim and I.-S. Kang},
  title = {A bulk mass flux convection scheme for climate model: description and moisture sensitivity},
  journal = {Clim. Dyn.},
  year = {2011},
  doi = {DOI:10.1007/s00382-010-0972-2}
}


@ARTICLE{Klein_Hartmann_1993,
  author = {S. A. Klein and D. L. Hartmann},
  title = {The seasonal cycle of low stratiform clouds},
  journal = jc,
  year = {1993},
  pages = {1587--1606}
}

@ARTICLE{KleinHeinemann01,
  author = {T. Klein and G. Heinemann},
  title = {Interactions of katabatic winds and mesocyclones near the eastern
	coast of Greenland},
  journal = {Meteorological Applications},
  year = {2001},
  note = {submitted}
}

@ARTICLE{Klemp_Wilhelmson_1978,
  author = {J. B. Klemp and R. B. Wilhelmson},
  title = {The simulation of three-dimensional convective storm dynamics},
  journal = jas,
  year = 1978,
  pages = {1070--1096}
}


@TECHREPORT{Kloeseletal88,
  author = {W. H. Schubert and P. E. Ciesielski and T. B. Mc\textsc{C}ee and
	J. D. Kleist and S. K. Cox and C. M. Johnson-Pasqua and W. L. {Smith
	Jr}},
  title = {\textsc{FIRE} marine stratocumulus observations - summary of operations
	and synoptic conditions. \textsc{FIRE} \textsc{T}ech. \textsc{R}ep.
	\textsc{N}o. 1},
  institution = {Pennsylvania State University, Dept. of Meteorology (Available from
	The Pennsylvania State University, Department of Meteorology, University
	Park, PA 16802, USA)},
  year = {1988}
}



@ARTICLE{Kloesel93,
  author = {K. A. Kloesel},
  title = {Above-inversion profiles of moisture and ozone observed during \textsc{FIRE}},
  journal = bams,
  year = {1993},
  pages = {683--694}
}

@ARTICLE{Kohsiek00,
  author = {W. Kohsiek},
  title = {Water vapor cross-sensitivity of open path \textsc{H}2\textsc{O}-\textsc{CO}2
	sensors},
  journal = jaot,
  year = {2000},
  pages = {299--311}
}

@ARTICLE{Kraus_Schaller_1978,
  author = {H. Kraus and E. Schaller},
  title = {Steady-state characteristics of inversions capping a well-mixed planetary boundary layer},
  journal = blm,
  year = {1978},
  volume = {14},
  pages = {83--104}
}

@ARTICLE{KrishnamurtiHoward81,
  author = {R. Krishnamurti and L. N. Howard},
  title = {Large-scale flow generation in turbulent convection},
  journal = {Proc. Natl. Acad. Sci. },
  year = {1981},
  volume = {78},
  pages = {1981--1985}
}

@TECHREPORT{Kroon03,
  author = {P. S. Kroon},
  title = {De sluiting van de oppervlakte energiebalans in \textsc{C}abauw gedurende
	\textsc{TEBEX} (1995-1996).},
  institution = {Koninklijk Nederlands Meteorologisch Instituut},
  year = {2003},
  address = {De Bilt, Netherlands, 68 pp},
  volume = {261}
}

@ARTICLE{Kroonetal09,
  author = {P. S. Kroon and A. Schuitmaker and H. J. J. Jonker and M. J. Tummers
	and A. Hensen and F. C. Bosveld},
  title = {An evaluation by laser \textsc{D}oppler anemometry of the correction
	algorithm based on \textsc{K}aimal co-spectra for high frequency
	losses of \textsc{EC} flux measurements of \textsc{CH}4 and \textsc{N}2
	\textsc{O}},
  journal = afm,
  year = {2009},
  doi = {doi:10.1016/j.agrformet.2009.08.009}
}

@ARTICLE{Krueger93,
  author = {S. K. Krueger},
  title = {Linear eddy modeling of entrainment and mixing in stratus clouds},
  journal = jas,
  year = {1993},
  volume = {50},
  pages = {3078--3090}
}


@ARTICLE{Krueger_etal_1995,
  author = {S. K. Krueger and G. T. McLean and Q. Fu},
  title = {Numerical simulation of the stratus-to-cumulus transition in the subtropical marine boundary layer. \textsc{P}art \textsc{I}: \textsc{B}oundary-layer structure},
  journal = jas,
  year = {1995},
  volume = {52},
  pages = {2839–-2850}
}


@ARTICLE{KuoSchubert88,
  author = {H. Kuo and W. H. Schubert},
  title = {Stability of cloud-topped boundary layers},
  journal = qjrms,
  year = {1988},
  volume = {114},
  pages = {887--917}
}

@PHDTHESIS{Lappen99,
  author = {C. -L. Lappen},
  title = {The unification of mass flux and higher-order closure in the simulation
	of boundary layer turbulence},
  school = {Colorado State University},
  year = {1999},
  address = {Fort Collins, 329 pp (Available from Colorado State University, Fort
	Collins, CO, USA)}
}

@ARTICLE{LappenRandall05,
  author = {C. -L. Lappen and D. A. Randall},
  title = {Using idealized coherent structures to parameterize momentum fluxes
	in a \textsc{PBL} mass-flux model},
  journal = jas,
  year = {2005},
  volume = {62},
  pages = {2829--2846}
}

@ARTICLE{LR1,
  author = {C. -L. Lappen and D. A. Randall},
  title = {Toward a unified parameterization of the boundary layer and moist
	convection. \textsc{P}art \textsc{I}: A new type of mass-flux model},
  journal = jas,
  year = {2001},
  volume = {58},
  pages = {2021--2036}
}

@ARTICLE{LR1,
  author = {C. -L. Lappen and D. A. Randall},
  title = {Toward a unified parameterization of the boundary layer and moist
	convection. \textsc{P}art \textsc{I}: A new type of mass-flux model},
  journal = jas,
  year = {2001},
  volume = {58},
  pages = {2021--2036}
}

@ARTICLE{LR2,
  author = {C. -L. Lappen and D. A. Randall},
  title = {Toward a unified parameterization of the boundary layer and moist
	convection. \textsc{P}art II: Lateral mass exchanges and subplume-scale
	fluxes},
  journal = jas,
  year = {2001},
  volume = {58},
  pages = {2037--2051}
}

@ARTICLE{LR3,
  author = {C. -L. Lappen and D. A. Randall},
  title = {Toward a unified parameterization of the boundary layer and moist
	convection. \textsc{P}art III: Simulations of clear and cloudy convection},
  journal = jas,
  year = {2001},
  volume = {58},
  pages = {2052--2072}
}

@ARTICLE{Larsonetal02,
  author = {V. E. Larson and J.-C. Golaz and W. R. Cotton},
  title = {Small-scale and mesoscale variability in cloudy boundary layers:
	Joint probability density functions},
  journal = jas,
  year = {2002},
  volume = {59},
  pages = {3519--3539}
}

@ARTICLE{Larsonetal07,
  author = {V. E. Larson and K. E. Kotenberg and N. B. Wood},
  title = {An analytic longwave radiation formula for liquid layer clouds},
  journal = mwr,
  year = {2007},
  volume = {135},
  pages = {689--699}
}

@ARTICLE{LathamReed77,
  author = {J. Latham and R. L. Reed},
  title = {Laboratory studies of the effect of mixing on the evolution of cloud
	droplet spectra},
  journal = qjrms,
  year = {1977},
  volume = {103},
  pages = {297--306}
}

@ARTICLE{LH04,
  author = {G. Lenderink and A. A. M. Holtslag},
  title = {An updated length scale formulation for turbulent mixing in clear
	and cloudy boundary layers},
  journal = qjrms,
  year = {2004},
  volume = {130},
  pages = {3405--3428}
}

@ARTICLE{LenderinkHoltslag00,
  author = {G. Lenderink and A. A. M. Holtslag},
  title = {Evaluation of the kinetic energy approach for modelling turbulent
	fluxes in stratocumulus},
  journal = mwr,
  year = {2000},
  volume = {128},
  pages = {244--258}
}

@ARTICLE{Lenderinketal04,
  author = {G. Lenderink and A. P. Siebesma and S. Cheinet and S. Irons and C.
	G. Jones and P. Marquet and F. M\"{u}ller and D. Olmeda and J. Calvo
	and E. S\'anchez and P. M. M. Soares},
  title = {The diurnal cycle of shallow cumulus clouds over land: \textsc{A}
	single column model intercomparison study},
  journal = qjrms,
  year = {2004},
  volume = {130},
  pages = {3339--3364}
}

@ARTICLE{Lenderinketal99,
  author = {G. Lenderink and M. C. VanZanten and P. G. Duynkerke},
  title = {Can an \textsc{E}-l turbulence closure simulate entrainment in radiatively
	driven convective boundary layers?},
  journal = jas,
  year = {1999},
  volume = {56},
  pages = {3331--3337}
}

@ARTICLE{Lenschow70,
  author = {D. H. Lenschow},
  title = {Airplane measurements of planetary boundary layer structure},
  journal = jam,
  year = {1970},
  volume = {9},
  pages = {874--884}
}

@ARTICLE{Lenschowetal94,
  author = {D. H. Lenschow and J. Mann and L. Kristensen},
  title = {How long is long enough when measuring fluxes and other turbulence
	statistics?},
  journal = jaot,
  year = {1994},
  volume = {11},
  pages = {661--673}
}

@ARTICLE{LenschowStankov86,
  author = {D. H. Lenschow and B. B. Stankov},
  title = {Length scales in the convective boundary layer},
  journal = jas,
  year = {1986},
  volume = {43},
  pages = {1198--1209}
}

@ARTICLE{Lenschow_Sun_2007,
  author = {D. H. Lenschow and J. Sun},
  title = {The spectral composition of fluxes and variances over land and sea
	out to the mesoscale},
  journal = blm,
  year = {2007},
  volume = {125},
  pages = {63--84}
}

@ARTICLE{Lenschow_etal_1980,
  author = {D. H. Lenschow and J. C. Wyngaard and W. T. Pennell},
  title = {Mean Field and second-moment budgets in a baroclinic, convective
	boundary layer},
  journal = jas,
  year = {1980},
  volume = {37},
  pages = {1313--1326}
}

@ARTICLE{Lenschowetal00,
  author = {D. H. Lenschow and M. Y. Zhou and X. B. Zeng and L. S. Chen and X.
	D. Xu},
  title = {Measurements of fine-scale structure at the top of marine stratocumulus},
  journal = blm,
  year = {2000},
  volume = {97},
  pages = {331--357}
}

@BOOK{Lesieur_book,
  title = {Large-eddy simulations of turbulence},
  publisher = {Cambridge University Press},
  year = {2005},
  author = {M. Lesieur and O. Metais and P. Comte},
  edition = {First Edition},
  note = {219 pp}
}



@ARTICLE{LewellenLewellen04,
  author = {D. C. Lewellen and W. S. Lewellen},
  title = {buoyancy flux modeling for cloudy boundary layers},
  journal = jas,
  year = {2004},
  note = {in press}
}

@ARTICLE{LewellenLewellen98,
  author = {D. C. Lewellen and W. S. Lewellen},
  title = {Large eddy boundary layer entrainment},
  journal = jas,
  year = {1998},
  volume = {55},
  pages = {2645--2665}
}

@ARTICLE{Lilly_1962,
  author = {D. K. Lilly},
  title = {On the numerical simulation of buoyant convection},
  journal = {Tellus},
  year = {1962},
  volume = {14},
  pages = {148--172}
}


@ARTICLE{Lilly_1968,
  author = {D. Lilly},
  title = {Models of cloud-topped mixed layers under a strong inversion},
  journal = qjrms,
  year = {1968},
  volume = {94},
  pages = {292ÔøΩ-309}
}

@ARTICLE{Lilly02,
  author = {D. Lilly},
  title = {Entrainment into cloud-topped mixed layers: \textsc{P}art \textsc{II}
	\textsc{A} new closure},
  journal = jas,
  year = {2002},
  volume = {59},
  pages = {3353ÔøΩ-3361}
}

@ARTICLE{Lilly02a,
  author = {D. Lilly},
  title = {Entrainment into mixed layers. \textsc{P}art \textsc{I}: Sharp-edged
	and smoothed tops},
  journal = jas,
  year = {2002},
  volume = {59},
  pages = {3340--3352}
}



@ARTICLE{LinArakawa97,
  author = {C. Lin and A. Arakawa},
  title = {The macroscopic entrainment processes of simulated cumulus ensemble.
	\textsc{P}art \textsc{I: E}ntrainment sources},
  journal = jas,
  year = {1997},
  volume = {54},
  pages = {1027--1043}
}

@ARTICLE{LindborgCho85,
  author = {E. Lindborg and J. Y. N. Cho},
  title = {Determining the cascade of passive scalar variance in the lower stratosphere},
  journal = prl,
  year = {2000},
  volume = {85},
  pages = {5663--5666}
}

@ARTICLE{Linden75,
  author = {P. F. Linden},
  title = {The deepening of a mixed layer in a stratified fluid},
  journal = jfm,
  year = {1975},
  volume = {71},
  pages = {385--405}
}

@ARTICLE{Lindzen90,
  author = {R. S. Lindzen},
  title = {Some coolness concerning global warming},
  journal = bams,
  year = {1990},
  volume = {71},
  pages = {288--299}
}

@ARTICLE{List04,
  author = {R. List},
  title = {Weather modification - A scenario for the future},
  journal = bams,
  year = {2004},
  volume = {85},
  pages = {51--63}
}

@ARTICLE{Lock04,
  author = {A. P. Lock},
  title = {The sensitivity of a \textsc{GCM}'s marine stratocumulus to cloud-top
	entrainment},
  journal = qjrms,
  year = {2004},
  volume = {130},
  pages = {3323--3338}
}

@ARTICLE{Lock98,
  author = {A. P. Lock},
  title = {The parameterization of entrainment in cloudy boundary layers},
  journal = qjrms,
  year = {1998},
  volume = {124},
  pages = {2729--2753}
}

@ARTICLE{Lock_2009,
  author = {A. P. Lock},
  title  = {Factors influencing cloud area at the capping inversion for shallow cumulus clouds},
  journal = qjrms,
  year    = 2009,
  volume  = {135},
  pages   = {941-952}
}

@ARTICLE{Locketal00,
  author = {A. P. Lock and A. R. Brown and M. R. Bush and G. M. Martin and R.
	N. B. Smith},
  title = {A new boundary layer mixing scheme. \textsc{P}art \textsc{I}: Scheme
	description and single-column model tests},
  journal = mwr,
  year = {2000},
  volume = {128},
  pages = {3187--3199}
}

@ARTICLE{LockMailhot06,
  author = {A. P. Lock and J. Mailhot},
  title = {Combining non-local scalings with a TKE closure for mixing in boundary-layer
	clouds},
  journal = blm,
  year = {2006},
  volume = {121},
  pages = {313--338}
}

@ARTICLE{Lorenz55,
  author = {E. N. Lorenz},
  title = {Available potential energy and the maintenance of the general circulation},
  journal = {Tellus},
  year = {1955},
  volume = {7},
  pages = {157--167}
}

@ARTICLE{LosDuynkerke01,
  author = {A. Los and P. G. Duynkerke},
  title = {Parametrization of solar radiation in inhomogeneous stratocumulus:
	\textsc{A}lbedo bias},
  journal = qjrms,
  year = {2001},
  volume = {127},
  pages = {1593--1614}
}

@ARTICLE{LosDuynkerke00,
  author = {A. Los and P. G. Duynkerke},
  title = {Microphysical and radiative properties of inhomogeneous stratocumulus:
	\textsc{O}bservations and model simulations},
  journal = qjrms,
  year = {2000},
  volume = {126},
  pages = {3287--3307}
}

@ARTICLE{Louis79,
  author = {J. F. Louis},
  title = {A parametric model of vertical fluxes in the atmosphere},
  journal = blm,
  year = {1979},
  volume = {17},
  pages = {187--202}
}

@ARTICLE{LuSeinfeld05,
  author = {M.-L. Lu and J. H. Seinfeld},
  title = {Study of the aerosol indirect effect by large-eddy simulation of
	marine stratocumulus},
  journal = jas,
  year = {2005},
  volume = {62},
  pages = {3909--3932}
}

@ARTICLE{MullerChlond96,
  author = {G. M\"{u}ller and A. Chlond},
  title = {Three-dimensional numerical study of cell broadening during cold-air
	outbreaks},
  journal = blm,
  year = {1996},
  volume = {81},
  pages = {289--323}
}

@ARTICLE{Maetal96,
  author = {C.-C. Ma and C. R. Mechoso and A. W. Robertson and A. Arakawa},
  title = {Peruvian stratus clouds and the tropical \textsc{P}acific circulation:
	\textsc{A} coupled ocean-atmosphere \textsc{GCM} study},
  journal = jc,
  year = {1996},
  volume = {9},
  pages = {1635--1645}
}

@ARTICLE{MacVeanMason90,
  author = {M. K. MacVean and P. J. Mason},
  title = {Cloud-top entrainment instability through small-scale mixing and
	its parameterization in numerical-models},
  journal = jas,
  year = {1990},
  volume = {47},
  pages = {1012--1030 }
}

@ARTICLE{Mahrt99,
  author = {L. Mahrt},
  title = {Stratified atmospheric boundary layers},
  journal = blm,
  year = {1999},
  volume = {90},
  pages = {375--396}
}

@ARTICLE{Mahrtetal01,
  author = {L. Mahrt and E. Moore and D. Vickers},
  title = {Dependence of turbulent and mesoscale velocity variances on scale
	and stability},
  journal = jam,
  year = {2001},
  volume = {40},
  pages = {628--641}
}

@ARTICLE{Martinetal95,
  author = {G. M. Martin and D. W. Johnson and D. P. Rogers and P. R. Jonas and
	P. Minnis and D. A. Hegg},
  title = {Observations of the interaction between cumulus clouds and warm stratocumulus
	clouds in the marine boundary layer during \textsc{ASTEX}},
  journal = jas,
  year = {1995},
  volume = {52},
  pages = {2902--2922}
}

@ARTICLE{Mason_1989,
  author = {P. J. Mason},
  title = {Large-eddy simulation of the convective atmospheric boundary layer},
  journal = jas,
  year = {1989},
  volume = {46},
  pages = {1492--1516}
}

@ARTICLE{MasonThomson92,
  author = {P. J. Mason and D. J. Thomson},
  title = {Stochastic backscatter in large-eddy simulations of boundary layers},
  journal = jfm,
  year = {1992},
  volume = {242},
  pages = {51--78}
}

@ARTICLE{Mason_Brown_1999,
  author = {P. J. Mason and A. R. Brown},
  title = {On subgrid models and filter operations in large eddy simulations},
  journal = jas,
  year = {1999},
  volume = {56},
  pages = {2101--2114}
}

@ARTICLE{McCaaBretherton04,
  author = {J. McCaa and C. S. Bretherton},
  title = {A new parameterization for shallow cumulus convection and its application
	to marine subtropical cloud-topped boundary layers. \textsc{P}art
	\textsc{II: R}egional simulations of marine boundary layer clouds},
  journal = mwr,
  year = {2004},
  volume = {132},
  pages = {883--1896}
}

@ARTICLE{McNaughton_Spriggs_1986,
  author = {K. G. McNaughton and T. W. Spriggs},
  title = {A mixed-layer model for regional evaporation},
  journal = blm,
  year = {1986},
  volume = {34},
  pages = {243--262}
}


@ARTICLE{Medeiros_Stevens_2011,
  author = {B. Medeiros and B. Stevens},
  title = {Revealing differences in \textsc{GCM} representations of low cloud},
  journal = {Clim. Dyn.},
  year = {2011},
  volume = {36},
  pages = {385--399},
  doi   = {doi:10.1007/s00382-009-0694-5}
}

@ARTICLE{Mellado_2010,
  author = {J. P. Mellado},
  title = {The evaporatively driven cloud-top mixing layer},
  journal = {J. Fluid Mech.},
  year = {2010},
  volume = {660},
  pages = {5--36},
  doi   = {doi:10.1017/S0022112010002831}
}


@ARTICLE{MellorYamada82,
  author = {G. L. Mellor and T. Yamada},
  title = {Development of a turbulence closure model for geophysical fluid problems},
  journal = {Rev. of Geoph. and Space Phys. },
  year = {1982},
  volume = {20},
  pages = {851--875}
}

@ARTICLE{Meneveau_Katz_2000,
  author = {C. Meneveau and J. Katz},
  title = {Scale-invariance and turbulence models for large-eddy simulation},
  journal = {Annu. Rev. Fluid Mech. },
  year = {2000},
  volume = {32},
  pages = {1--32}
}


@ARTICLE{Miller97,
  author = {R. L. Miller},
  title = {Tropical thermostats and low cloud cover},
  journal = jc,
  year = {1997},
  volume = {10},
  pages = {409--440}
}

@ARTICLE{Miller_Albrecht_1995,
  author = {M. A. Miller and B. A. Albrecht},
  title = {Surface-based observations  of mesoscale cumulus-stratocumulus interaction during \textsc{ASTEX}},
  journal = jas,
  year = {1995},
  volume = {52},
  pages = {2809--2826}
}


@ARTICLE{Minnisetal92,
  author = {P. Minnis and P. W. Heck and D. F. Young and C. W. Fairall and J.
	B. Snider},
  title = {Stratocumulus cloud properties derived from simultaneous satellite
	and island-based instrumentation during \textsc{FIRE}},
  journal = jam,
  year = {1992},
  volume = {31},
  pages = {317--339}
}

@ARTICLE{Mironov2009,
  author = {D. V. Mironov},
  title = {Turbulence in the lower troposphere: Second-order closure and mass-flux
	modelling frameworks},
  year = {2007},
  pages = {1--61},
  booktitle = {Lecture notes in physics. Interdisciplinary Aspects of Turbulence},
  doi = {10.1007/978-3-540-78961-1_5}
}

@ARTICLE{Moeng00,
  author = {C.-H. Moeng},
  title = {Entrainment rate, cloud fraction and liquid water path of \textsc{PBL}
	stratocumulus clouds},
  journal = jas,
  year = {2000},
  volume = {57},
  pages = {3627--3643}
}

@ARTICLE{Moeng_etal_1996,
  author = {C.-H. Moeng and W. R. Cotton and C. S. Bretherton and A. Chlond and
	M. Khairoutdinov and S. Krueger and W. S. Lewellen and M. K. Mac\textsc{V}ean
	and J. R. M. Pasquier and H. A. Rand and A. P. Siebesma and B. Stevens
	and R. I. Sykes},
  title = {Simulation of a stratocumulus-topped planetary boundary layer: \textsc{I}ntercomparison
	among different numerical codes},
  journal = bams,
  year = {1996},
  volume = {77},
  pages = {261--278}
}

@ARTICLE{Moengetal05,
  author = {C.-H. Moeng and B. Stevens and P. P. Sullivan},
  title = {Where is the interface of the stratocumulus-topped \textsc{PBL}?},
  journal = jas,
  year = {2005},
  volume = {62},
  pages = {2626--2631}
}

@ARTICLE{Moengetal99,
  author = {C.-H. Moeng and B. P. Sullivan and B. Stevens},
  title = {Including radiative effects in an entrainment rate formula for buoyancy-driven
	PBLs},
  journal = jas,
  year = {1999},
  volume = {56},
  pages = {1031--1049}
}

@ARTICLE{MoyerYoung94,
  author = {K. A. Moyer and G. S. Young},
  title = {Observations of mesoscale cellular convection from the marine stratocumulus
	phase of \textsc{FIRE}},
  journal = blm,
  year = {1994},
  volume = {71},
  pages = {109--133}
}

@article {Muller_Chlond_1996,
  author = {G. M\"uller and A. Chlond},
  title = {Three-dimensional numerical study of cell broadening during cold-air outbreaks},
  journal = blm,
  pages = {289-323},
  volume = {81},
  year = {1996}
}
    

@ARTICLE{Murphyetal04,
  author = {J. M. Murphy and D. M. H. Sexton and D. N. Barnett and G. S. Jones
	and M. J. Webb and M. Collins and D. A. Stainforth},
  title = {Quantification of modelling uncertainties in a large ensemble of
	climate change simulations},
  journal = {Nature},
  year = {2004},
  volume = {430},
  pages = {768--772}
}

@ARTICLE{NakamuraMahrt05,
  author = {R. Nakamura and L. Mahrt},
  title = {A study of intermittent turbulence with \textsc{CASES-99} tower measurements},
  journal = blm,
  year = {2005},
  volume = {114},
  pages = {367--387}
}

@ARTICLE{Neggers_etal_2006,
  author = {R. A. J. Neggers and B. Stevens and J. D. Neelin},
  title = {A simple equilibrium model for shallow-cumulus topped mixed layers},
  journal = {Theor. Comput. Fluid Dyn.},
  year = {2006},
  volume = {20},
  pages = {305--322}
}


@ARTICLE{Neggers_etal_2009a,
  author = {R. A. J. Neggers and M. Koehler and A. C. M. Beljaars},
  title = {A dual mass flux framework for boundary layer convection. \textsc{P}art
	\textsc{I}: \textsc{T}ransport},
  journal = jas,
  year = {2009},
  volume = {66},
  pages = {1465--1487}
}

@ARTICLE{Neggersetal00,
  author = {R. A. J. Neggers and A. P. Siebesma and H. J. J. Jonker},
  title = {A stochastic parcel model method for shallow cumulus convection},
  journal = jas,
  year = {2000},
  note = {submitted}
}


@ARTICLE{Neggers_2015,
  author = {R. A. J. Neggers},
  title = {Attributing the behavior of low-level clouds in large-scale models to sub-grid scale parameterizations},
  journal = james,
  doi={doi:10.1002/2015MS000503},
  year = {2015}
}


@ARTICLE{Neiburger60,
  author = {M. Neiburger},
  title = {The relation of air mass structure to the field of motion over the
	eastern \textsc{N}orth \textsc{P}acific \textsc{O}cean in summer},
  journal = {Tellus},
  year = {1960},
  volume = {12},
  pages = {31--40}
}

@TECHREPORT{Neiburger_etal_1961,
  author = {M. Neiburger and D. S. Johnson and C. W. Chein},
  title = {Studies of the structure of the atmosphere over the Eastern Pacific Ocean in summer, I, The inversion over the Eastern North Pacific Ocean},
  institution = {Univ. Calif. Publ. Meteor.},
  volume = {1},
  year = {1961}
}


@ARTICLE{Nicholls89,
  author = {S. Nicholls},
  title = {The structure of radiatively driven convection in stratocumulus},
  journal = qjrms,
  year = {1989},
  volume = {115},
  pages = {487--511}
}

@ARTICLE{Nicholls_1984,
  author = {S. Nicholls},
  title = {The dynamics of stratocumulus: \textsc{a}ircraft observations and
	comparisons with a mixed layer model},
  journal = qjrms,
  year = {1984},
  volume = {110},
  pages = {783--820}
}

@ARTICLE{Nicholls78,
  author = {S. Nicholls},
  title = {Measurements of turbulence by an instrumented aircraft in a convective
	atmospheric boundary layer over the sea},
  journal = qjrms,
  year = {1978},
  volume = {104},
  pages = {653--676}
}

@ARTICLE{NichollsLeighton86,
  author = {S. Nicholls and J. Leighton},
  title = {An observational study of the structure of stratiform cloud sheets:
	\textsc{P}art \textsc{I}. \textsc{S}tructure},
  journal = qjrms,
  year = {1986},
  volume = {112},
  pages = {431--460}
}

@ARTICLE{NichollsLemone80,
  author = {S. Nicholls and M. A. LeMone},
  title = {The fair weather boundary layer in \textsc{GATE}: The relation of
	subcloud fluxes and structure to the distribution and enhancement
	of cumulus clouds},
  journal = jas,
  year = {1980},
  volume = {37},
  pages = {2051--2067}
}

@ARTICLE{Nicholls_Turton_1986,
  author = {S. Nicholls and J. D. Turton},
  title = {An observational study of the structure of stratiform cloud sheets:
	\textsc{P}art \textsc{II}. \textsc{E}ntrainment},
  journal = qjrms,
  year = {1986},
  volume = {112},
  pages = {461--480}
}

@ARTICLE{Nieuwstadt05,
  author = {F. T. M. Nieuwstadt},
  title = {Direct numerical simulation of stable channel flow at large stability},
  journal = blm,
  year = {2005},
  volume = {116},
  pages = {277--299}
}

@ARTICLE{Nieuwstadt84,
  author = {F. T. M. Nieuwstadt},
  title = {The turbulent structure of the stable, nocturnal boundary layer},
  journal = jas,
  year = {1984},
  volume = {41},
  pages = {2202--2216}
}

@ARTICLE{Nigam97,
  author = {S. Nigam},
  title = {The annual warm to cold phase transition in the eastern equatorial
	Pacific: Diagnosis of the role of stratus cloud-top cooling},
  journal = jc,
  year = {1997},
  volume = {10},
  pages = {2447--2467}
}

@ARTICLE{Nitta75,
  author = {T. Nitta},
  title = {Observational determination of cloud mass flux distributions},
  journal = jas,
  year = {1975},
  volume = {32},
  pages = {73--91}
}

@ARTICLE{Norris97a,
  author = {J. R. Norris},
  title = {Low cloud type over the ocean from surface observations. \textsc{P}art
	\textsc{I}: Relationship to surface meteorology and the vertical
	distribution of temperature and moisture},
  journal = jc,
  year = {1997},
  volume = {11},
  pages = {369--382}
}

@ARTICLE{Norris97b,
  author = {J. R. Norris},
  title = {Low cloud type over the ocean from surface observations. \textsc{P}art
	\textsc{II}: Geographical and seasonal variations},
  journal = jc,
  year = {1997},
  volume = {11},
  pages = {383--403}
}

@ARTICLE{NucciaroneYoung91,
  author = {J. J. Nucciarone and G. S. Young},
  title = {Aircraft measurements of turbulence spectra in the marine stratocumulus-topped
	boundary layer},
  journal = jas,
  year = {1991},
  volume = {48},
  pages = {2382--2392}
}

@ARTICLE{Nuijens_Stevens_2012,
  author = {L. Nuijens and B. Stevens},
  title  = {The influence of wind speed on shallow marine cumulus convection},
  journal = jas,
  year    = {2012},
  volume  = {69},
  pages   = {168-184}
} 


@ARTICLE{Oncleyetal96,
  author = {S. P. Oncley and C. A. Friehe and J. C. Larue and J. A. Businger
	and E. C. Itsweire and S. S. Chang},
  title = {Surface-layer fluxes, profiles, and turbulence measurements over
	uniform terrain under near-neutral conditions},
  journal = jas,
  year = {1996},
  volume = {53},
  pages = {1029--1044}
}

@ARTICLE{OreopoulosCahalan05,
  author = {L. Oreopoulos and R. F. Cahalan},
  title = {Cloud inhomogeneity from \textsc{MODIS}},
  journal = jc,
  year = {2005},
  volume = {18},
  pages = {5110--5124}
}

@ARTICLE{OreopoulosDavies98,
  author = {L. Oreopoulos and R. Davies},
  title = {Plane parallel albedo biases from satellite observations. \textsc{P}art
	\textsc{I}: Dependence on resolution and other factors},
  journal = jc,
  year = {1998},
  volume = {11},
  pages = {919--932}
}

@ARTICLE{Paluch79,
  author = {I. R. Paluch},
  title = {The entrainment mechanism in Colorado cumuli},
  journal = jas,
  year = {1979},
  volume = {36},
  pages = {2467--2478}
}

@ARTICLE{PaluchLenschow91,
  author = {I. R. Paluch and D. H. Lenschow},
  title = {Stratiform cloud formation in the marine boundary layer},
  journal = jas,
  year = {1991},
  volume = {48},
  pages = {2141--2158}
}

@ARTICLE{Park_etal_2004,
  author = {S. Park and C. B. Leovy and M. A. Rozendaal},
  title = {A new heuristic Lagrangian Marine Boundary layer cloud model},
  journal = jas,
  year = {2004},
  volume = {61},
  pages = {3002--3024}
}


@ARTICLE{PerestenkoIngel96,
  author = {O. V. Perestenko and L. K. Ingel},
  title = {On an instability mechanism in a stably stratified atmospheric layer
	over a moistened surface},
  journal = blm,
  year = {1996},
  volume = {78},
  pages = {383--398},
  doi = {doi:10.1007/BF00120942}
}

@ARTICLE{Pergaudetal09,
  author = {J. Pergaud and V. Masson and S. Malardel and F. Couvreux},
  title = {A parameterization of dry thermals and shallow cumuli for mesoscale numerical weather prediction},
  journal = blm,
  year = {2009},
  volume = {132},
  pages = {83--106},
  doi = {DOI:10.1007/s10546-009-9388-0}
}


@ARTICLE{Petersenetal99,
  author = {A. C. Petersen and C. Beets and H. {van Dop} and P. G. Duynkerke
	and A. P. Siebesma},
  title = {Mass-flux characteristics of reactive scalars in the convective boundary
	layer},
  journal = jas,
  year = {1999},
  volume = {56},
  pages = {37--56}
}

@ARTICLE{Philanderetal96,
  author = {S. G. H. Philander and D. Gu and D. Halpern and G. Lambert and N.-C.
	Lau and T. Li and R. C. Pacanowski},
  title = {Why the \textsc{ITCZ} is mostly north of the equator},
  journal = jc,
  year = {1996},
  volume = {9},
  pages = {2958--2972}
}

@ARTICLE{Pincusetal03,
  author = {R. Pincus and H. W. Barker and J. -J. Morcrette},
  title = {A fast, flexible, approximate technique for computing radiative transfer
	in inhomogeneous cloud fields},
  journal = jgr,
  year = {2003},
  volume = {108},
  doi = {doi:10.1029/2002JD003322}
}

@ARTICLE{Pincusetal99,
  author = {R. Pincus and S. A. McFarlane and S. A. Klein},
  title = {Albedo bias and the horizontal variability of clouds in subtropical
	marine boundary layers: Observations from ship and satellites},
  journal = jgr,
  year = {1999},
  volume = {104},
  pages = {6183--6191}
}

@ARTICLE{Pincus_Stevens_2009,
  author = {R. Pincus and B. Stevens},
  title = {Monte \textsc{C}arlo Spectral Integration: a Consistent Approximation for
	Radiative Transfer in Large Eddy Simulations},
  journal = james,
  year = {2009},
  volume = {1},
  doi = {10.3894/JAMES.2009.1.1}
}

@ARTICLE{Pointin84,
  author = {Y. Pointin},
  title = {Wet equivalent potential temperature and enthalpy as prognostic variables
	in cloud modeling},
  journal = jas,
  year = {1984},
  volume = {41},
  pages = {651--660}
}

@article{PorteAgel_etal_2011,
    author = {F. Port\'{e}-Agel and Y.-T. Wu and H. Lu and R. J. Conzemius},
    title = {Large-eddy simulation of atmospheric boundary layer flow through wind turbines and wind farms},
    journal = {Journal of Wind Engineering and Industrial Aerodynamics},
    volume = {99},
    pages = {154--168},
    year = {2011},
    note = {The Fifth International Symposium on Computational Wind Engineering}
}



@ARTICLE{PriestlySwinbank47,
  author = {C. H. B. Priestly and W. C. Swinbank},
  title = {Vertical transport of heat by turbulence in the atmosphere},
  journal = {Proc. Roy. Soc. London},
  year = {1947},
  volume = A189,
  pages = {543--561}
}

@ARTICLE{Prusa_etal_2008,
  author = {J. M. Prusa and P. K. Smolarkiewicz and A. A. Wyszogrodzki},
  title = { EULAG, a computational model for multiscale flows},
  journal = {Comput. Fluids},
  year = {2008},
  volume = 37,
  pages = {1193-–1207}
}

@article{Fu_Liou_1993,
  title={Parameterization of the radiative properties of cirrus clouds},
  author={Q. Fu and K. N. Liou},
  journal=jas,
  volume={50},
  pages={2008--2025},
  year={1993}
}

@article {Raasch_1990,
  author = {S. Raasch},
  title = {Numerical simulation of the development of the convective boundary layer during a cold air outbreak},
  journal = blm,
  pages = {349-375},
  volume = {52},
  year = {1990}
}


@ARTICLE{Raisanenetal04,
  author = {P. R\"{a}is\"{a}nen and H. W. Barker and M. F. Khairoutdinov, J.
	Li and D. A. Randall},
  title = {Stochastic generation of subgrid-scale cloudy columns for large-scale
	models},
  journal = qjrms,
  year = {2004},
  volume = {130},
  pages = {2047--2067}
}

@ARTICLE{Ragaetal90,
  author = {G. B. Raga and J. B. Jensen and M. B. Baker},
  title = {Characteristics of cumulus band clouds off the coast of \textsc{H}awaii},
  journal = jas,
  year = {1990},
  volume = {47},
  pages = {338--355}
}

@ARTICLE{Randall_CDTE,
   author = {D. A. Randall},
   title = {Stratocumulus deepening through entrainment},
   journal = {Tellus},
   year = {1984},
   volume = {36A},
   pages = {446--457}
}

@ARTICLE{Randall_1987,
  author = {D. A. Randall},
  title = {Turbulent fluxes of liquid water and buoyancy in partly cloudy layers},
  journal = jas,
  year = {1987},
  volume = {44},
  pages = {850--858}
}

@ARTICLE{Randall_1984,
  author = {D. A. Randall},
  title = {Buoyant production and consumption of turbulence kinetic energy in
	cloud-topped mixed layers},
  journal = jas,
  year = {1984},
  volume = {41},
  pages = {402--413}
}

@ARTICLE{Randall_1980,
  author = {D. A. Randall},
  title = {Conditional instability of the first kind upside down},
  journal = jas,
  year = {1980},
  volume = {37},
  pages = {125--130}
}

@ARTICLE{Randall_etal_1984,
  author = {D. A. Randall and J. A. Coakley Jr and D. H. Lenschow and C. W. Fairall and
            R. A. Kropfli},
  title = {Outlook for research on subtropical marine stratiform clouds},
  journal = bams,
  year = {1984},
  volume = {65},
  pages = {1290--1301}
}


@ARTICLE{Randalletal96,
  author = {D. A. Randall and B. A. Albrecht and S. K. Cox and D. Johnson and
	P. Minnis and W. Rossow and D. O. Starr},
  title = {On \textsc{FIRE} at ten},
  journal = ag,
  year = {1996},
  volume = {38},
  pages = {37--177}
}

@ARTICLE{RH82,
  author = {D. A. Randall and G. J. Huffman},
  title = {Entrainment and detrainment in a simple cumulus cloud model},
  journal = jas,
  year = {1982},
  volume = {39},
  pages = {2793--2806}
}

@ARTICLE{RSM92,
  author = {D. A. Randall and Q. Shao and C.-H. Moeng},
  title = {A second-order bulk boundary-layer model},
  journal = jas,
  year = {1992},
  volume = {49},
  pages = {1903--1923}
}

@ARTICLE{RandallWang92,
  author = {D. A. Randall and J. Wang},
  title = {The moist available energy of a conditionally unstable atmosphere},
  journal = jas,
  year = {1992},
  volume = {49},
  pages = {240--255}
}

@ARTICLE{Rauberetal07,
  author = {R. M. Rauber and B. Stevens and Co-authors},
  title = {Rain in shallow cumulus over the ocean. The RICO campaign},
  journal = bams,
  year = {2007},
  volume = {88},
  pages = {1912--1928}
}


@ARTICLE{RaymondBlyth86,
  author = {D. J. Raymond and A. M. Blyth},
  title = {A stochastic mixing model for nonprecipitating cumulus clouds},
  journal = jas,
  year = {1986},
  volume = {43},
  pages = {2708--2718}
}

@ARTICLE{Rieck_etal_2012,
  author = {M. Rieck and L. Nuijens and B. Stevens},
  title  = {Marine boundary-layer cloud feedbacks in a constant relative humidity atmosphere},
  journal = jas,
  year    = {2012},
  volume  = {69},
   pages   = {2538--2550}
} 


@ARTICLE{Rio_etal_2010,
  author = {C. Rio and F. Hourdin and F. Couvreux and A. Jam},
  title = {Resolved versus parametrized boundary-layer plumes. Part \textsc{II: C}ontinous formulations of mixing rates for mass-flux schemes},
  journal = blm,
  year = {2010},
  volume = {135},
  pages = {469--483}
}

@ARTICLE{RioHourdin2008,
  author = {C. Rio and F. Hourdin},
  title = {A thermal plume model for the convective boundary layer: \textsc{R}epresentation of cumulus clouds},
  journal = jas,
  year = {2008},
  volume = {65},
  pages = {407--425}
}

@MASTERSTHESIS{Rodts01,
  author = {S. M. A. Rodts},
  title = {Shallow cumulus dynamics: Observations and parameterization},
  school = {Utrecht University},
  year = {2001},
  address = {Utrecht, 78 pp (Available from Utrecht University, Utrecht, The Netherlands)}
}

@ARTICLE{Rodtsetal03,
  author = {S. M. A. Rodts and P. G. Duynkerke and H. J. J. Jonker},
  title = {Size distributions and dynamical properties of shallow cumulus clouds
	from aircraft observations and satellite data},
  journal = jas,
  year = {2003},
  volume = {60},
  pages = {1895ÔøΩ-1912}
}

@ARTICLE{RoebelingMeijgaard07,
  author = {R. A. Roebeling and E. van Meijgaard},
  title = {Evaluation of the diurnal cycle of model predicted cloud amount and
	liquid water path with observations from MSG-SEVIRI},
  journal = {submitted to the J. Climate},
  year = {2007}
}

@ARTICLE{Roeckneretal06,
  author = {E. Roeckner and E. Roeckner and R. Brokopf and M. Esch and M. Giorgetta
	and S. Hagemann and L. Kornblueh and E. Manzini and U. Schlese and
	U. Schulzweida}
}

@ARTICLE{Rogersetal95,
  author = {D. P. Rogers and X. Yang and P. M. Norris and D. W. Johnson and G.
	M. Martin and C. A. Friehe and B. W. Berger},
  title = {Diurnal evolution of the cloud-topped marine boundary layer. \textsc{P}art
	\textsc{I}: Nocturnal stratocumulus development},
  journal = jas,
  year = {1995},
  volume = {52},
  pages = {2953--2966}
}

@BOOK{RogersYau89,
  title = {A short course in cloud physics},
  publisher = {Butterworth-Heinemann},
  year = {1989},
  author = {R. R. Rogers and M. K. Yau},
  edition = {Third Edition},
  note = {290 pp}
}

@article{Romps2010,
author = {D. M. Romps},
title = {A Direct Measure of Entrainment},
journal = jas,
volume = {67},
number = {6},
pages = {1908--1927},
year = {2010},
doi = {10.1175/2010JAS3371.1},
URL = {http://journals.ametsoc.org/doi/abs/10.1175/2010JAS3371.1},
eprint = {http://journals.ametsoc.org/doi/pdf/10.1175/2010JAS3371.1}
}

@ARTICLE{Roode_etal_2012,
  author = {S. R. de Roode and A. P. Siebesma and Y. de Voogd and H. J. J. Jonker},
  title = {Parameterization of the vertical velocity equation for shallow cumulus clouds},
  journal = mwr,
  year = {2012}
}


@ARTICLE{Roode_etal_2014,
  author = {S. R. de Roode and A. P. Siebesma and S. {Dal Gesso} and  H. J. J. Jonker and J. Schalkwijk and J. Sival},
  title = {A mixed-layer model study of the stratocumulus response to changes in large-scale conditions},
  journal = james,
  year = {2014},
  volume = {6},
  pages = {1256-1270}
}



@ARTICLE{Rossowetal02,
  author = {W. B. Rossow and C. Delo and B. Cairns},
  title = {Implications of the observed mesoscale variations of clouds for the
	\textsc{E}arth's radiation budget},
  journal = jc,
  year = {2002},
  volume = {15},
  pages = {557--585}
}

@ARTICLE{RossowSchiffer99,
  author = {W. B. Rossow and R. A. Schiffer},
  title = {Advances in understanding clouds from \textsc{ISCCP}},
  journal = bams,
  year = {1999},
  volume = {80},
  pages = {2261--2287}
}

@ARTICLE{RossowSchiffer91,
  author = {W. B. Rossow and R. A. Schiffer},
  title = {\textsc{ISCCP} cloud data products},
  journal = bams,
  year = {1991},
  volume = {72},
  pages = {2--20}
}

@ARTICLE{RothermelAgee80,
  author = {J. Rothermel and E. M. Agee},
  title = {Aircraft investigation of mesoscale cellular convection during \textsc{AMTEX}
	75},
  journal = jas,
  year = {1980},
  volume = {37},
  pages = {1027--1049}
}

@ARTICLE{RudnickFerrari99,
  author = {D. L. Rudnick and R. Ferrari},
  title = {Compensation of horizontal temperature and salinity gradients in
	the ocean mixed layer},
  journal = {Science},
  year = {1999},
  volume = {283},
  pages = {526--529}
}

@ARTICLE{SanchezCuxart04,
  author = {E. S\'anchez and J. Cuxart},
  title = {A buoyancy based mixing length proposal for cloudy boundary layers},
  journal = qjrms,
  year = {2004},
  volume = {130},
  pages = {3385--3404}
}

@ARTICLE{Sandu_etal_2008,
  author = {I. Sandu  and {J.-L.} Brenguier and O. Geoffroy and O. Thouron and V. Masson},
  title = {Aerosol Impacts on the Diurnal Cycle of Marine Stratocumulus},
  journal = jas,
  year = {2008},
  volume = {65},
  pages  = {2705-2718}
}


@ARTICLE{Sandu_Stevens_2011,
  author = {I. Sandu  and B. Stevens},
  title = {On the factors modulating the stratocumulus to cumulus transitions},
  journal = jas,
  year = {2011},
  volume = {68},
  pages  = {1865-1881}
}

@ARTICLE{Sandu_etal_2010,
  author = {I. Sandu and B. Stevens and R. Pincus},
  title = {On the transitions in marine boundary layer cloudiness},
  journal = acp,
  year = {2010},
  volume = {10},
  pages = {2377-2391},
  owner = {johan},
  timestamp = {2010.08.19}
}

@ARTICLE{Sasaki_1970,
  author = {Y. Sasaki},
  title = {Influences of thermal boundary layer on atmospheric cellular convection},
  journal = {J. Meteor. Soc. Japan.},
  year = {1970},
  volume = {48},
  pages = {492--502}
}

@article{Savic_Stevens_2008,
  title={The structure and mesoscale organization of precipitating stratocumulus},
  author={V. Savic-Jovcic and B. Stevens},
  journal=jas,
  volume={65},
  pages={1587--1605},
  year={2008}
}

@ARTICLE{SaylerBreidenthal98,
  author = {B. J. Sayler and R. E. Breidenthal},
  title = {Laboratory simulations of radiatively induced entrainment in stratiform
	clouds},
  journal = {?},
  year = {1998},
  volume = {48},
  pages = {8827--8837}
}

@ARTICLE{Schalkwijk_etal_2012,
  author = {J. Schalkwijk and E. R. Griffith and F. H. Post and H. J. J. Jonker},
  title = {High performance simulations of turbulent clouds on a desktop \textsc{PC}: exploiting the GPU},
  journal = bams,
  volume = {93},
   pages = {307--314},
  year = {2012}
}

@ARTICLE{Schalkwijk_etal_2013,
  author = {J. Schalkwijk and H. J. J. Jonker and A. P. Siebesma},
  title = {Simple solutions to steady-state cumulus regimes in the convective boundary layer},
  journal = jas,
  volume = {70},
  pages = {3656--3672},
  year = {2013}
}


@ARTICLE{Schalkwijk_etal_2015,
  author = {J. Schalkwijk and H. J. J. Jonker and A. P. Siebesma and E. {van Meijgaard}},
  title = {Weather Forecasting Using \textsc{GPU}-Based Large-Eddy Simulations},
  journal = bams,
  volume = {96},
  pages = {715--723},
  year = {2015}
}



@ARTICLE{Schroteretal99,
  author = {M. Schr\"{o}ter and J. Bange and S. Raasch},
  title = {Simulated airborne flux measurements in a \textsc{LES} generated
	convective boundary layer},
  journal = blm,
  year = {1999},
  volume = {95},
  pages = {437--456}
}

@CONFERENCE{SchroterRaasch02,
  author = {M. Schr\"{o}ter and S. Raasch},
  title = {Broadening of convective cells during cold air outbreaks: a high
	resolution study using a parallelized \textsc{LES} model},
  booktitle = {15th Symposium on boundary layers and turbulence},
  year = {2002},
  pages = {45--48},
  address = {15-19 July, 2002, Wageningen, The Netherlands}
}

@ARTICLE{Schroter_etal_2005,
  author = {M. Schr\"{o}ter and S. Raasch and H. Jansen},
  title = {Cell broadening revisited: \textsc{R}esults from high-resolution large-eddy
	simulations of cold air outbreaks},
  journal = jas,
  year = {2005},
  volume = {62},
  pages = {2023--2032}
}



@ARTICLE{Schubert_1976,
  author = {W. H. Schubert},
  title = {Experiments with \textsc{L}illy's cloud-topped mixed layer model} ,
  journal = jas,
  year = {1976},
  volume = {33},
  pages = {436--446}
}

@ARTICLE{Schubert_etal_1979_I,
  author = {W. H. Schubert and J. S. Wakefield and E. J. Steiner and S. K. Cox},
  title = {Marine stratocumulus convection. \textsc{P}art \textsc{I: G}overning equations and horizontally homogeneous solutions} ,
  journal = jas,
  year = {1979},
  volume = {36},
  pages = {1286--1307}
}


@ARTICLE{Schubert_etal_1979_II,
  author = {W. H. Schubert and J. S. Wakefield and E. J. Steiner and S. K. Cox},
  title = {Marine stratocumulus convection. \textsc{P}art \textsc{II: H}orizontally inhomogeneous solutions} ,
  journal = jas,
  year = {1979},
  volume = {36},
  pages = {1308--1324}
}


@TECHREPORT{Schubertetal87a,
  author = {W. H. Schubert and P. E. Ciesielski and T. B. Mc\textsc{C}ee and
	J. D. Kleist and S. K. Cox and C. M. Johnson-Pasqua and W. L. {Smith
	Jr}},
  title = {Analysis of boundary layer sounding data from the \textsc{FIRE} marine
	stratocumulus project. \textsc{A}tmospheric \textsc{S}cience \textsc{P}aper
	\textsc{N}o. 419},
  institution = {Colorado State University},
  year = {1987},
  address = {Ft. Collins, CO 80523, USA, 101pp}
}

@TECHREPORT{Schubertetal87b,
  author = {W. H. Schubert and S. K. Cox and P. E. Ciesielski and C. M. Johnson-Pasqua},
  title = {Operation of a ceilometer during the \textsc{FIRE} marine stratocumulus
	project. \textsc{A}tmospheric \textsc{S}cience \textsc{P}aper \textsc{N}o.
	420},
  institution = {Colorado State University},
  year = {1987},
  address = {Ft. Collins, CO 80523, USA, 34pp}
}

@ARTICLE{Schumann_1975,
  author = {U. Schumann},
  title = {Subgrid scale model for finite difference simulations of turbulent flows in plane channels and annuli},
  journal = {J. Comp. Phys.},
  year = {1975},
  volume = {18},
  pages = {376--404}
}


@ARTICLE{Schumann91,
  author = {U. Schumann},
  title = {Subgrid length-scales for large-eddy simulation of stratified turbulence},
  journal = {Theoret. Comput. Fluid Dynamics},
  year = {1991},
  volume = {2},
  pages = {279--290}
}

@ARTICLE{SchumannMoeng91b,
  author = {U. Schumann and C.-H. Moeng},
  title = {Plume fluxes in clear and cloudy convective boundary layers},
  journal = jas,
  year = {1991},
  volume = {48},
  pages = {1746--1757}
}

@ARTICLE{SchumannMoeng91c,
  author = {U. Schumann and C.-H. Moeng},
  title = {Plume budgets in clear and cloudy convective boundary layers},
  journal = jas,
  year = {1991},
  volume = {48},
  pages = {1758--1770}
}

@ARTICLE{SB01,
  author = {A. Seifert and K. D. Beheng},
  title = {A double-moment parameterization for simulating autoconversion, accretion
	and selfcollection},
  journal = atmres,
  year = {2001},
  volume = {118},
  pages = {265-281--290},
  doi = {10.1016/S0169-8095(01)00126-0}
}

@ARTICLE{Seifert_Heus_2013,
  author = {A. Seifert and T. Heus},
  title = {Large-eddy simulation of organized precipitating trade wind cumulus clouds},
  journal = acp,
  year = {2013},
  volume = {13},
  pages = {5631--5645},
  doi = {doi:10.5194/acp-13-5631-2013}
}


@ARTICLE{ShaoRandall96,
  author = {Q. Shao and D. A. Randall},
  title = {Closed mesoscale cellular convection driven by cloud-top radiative
	cooling},
  journal = jas,
  year = {1996},
  volume = {53},
  pages = {2144--2165}
}

@ARTICLE{ShettleWeinman70,
  author = {E. P. Shettle and J. A. Weinman},
  title = {The transfer of solar irradiance through inhomogeneous turbid atmospheres
	evaluated by \textsc{E}ddingtonÔøΩs approximation},
  journal = jas,
  year = {1970},
  volume = {27},
  pages = {1048--1055}
}

@TECHREPORT{Shutts04,
  author = {G. Shutts},
  title = {A stochastic kinetic energy backscatter algorithm for use in ensemble
	prediction systems},
  institution = {ECMWF, Reading, UK},
  year = {2004},
  number = {449}
}

@ARTICLE{ShyBreidenthal90,
  author = {S. S. Shy and R. E. Breidenthal},
  title = {Laboratory experiments on the cloud-top entrainment instability},
  journal = {J. Fluid. Mech.},
  year = {1990},
  volume = {214},
  pages = {1--15}
}

@INPROCEEDINGS{Siebesma98,
  author = {A. P. Siebesma},
  title = {Shallow cumulus convection},
  booktitle = {Buoyant Convection in Geophysical Flows},
  year = {1998},
  editor = {E. J. Plate and E. E. Fedorovich and D. X. Viegas and J. C. Wyngaard
	},
  volume = {513},
  pages = {441--486},
  publisher = {Kluwer Academic Publishers}
}

@ARTICLE{Siebesma_etal_2003,
  author = {A. P. Siebesma and C. S. Bretherton and A. Brown and A. Chlond and
	J. Cuxart and P. G. Duynkerke and H. Jiang and M. Khairoutdinov and
	D. Lewellen and C.-H. Moeng and E. Sanchez and B. Stevens and D.
	E. Stevens},
  title = {A large eddy simulation intercomparison study of shallow cumulus
	convection},
  journal = jas,
  year = {2003},
  volume = {60},
  pages = {1201ÔøΩ-1219}
}

@ARTICLE{SC95,
  author = {A. P. Siebesma and J. W. M. Cuijpers},
  title = {Evaluation of parametric assumptions for shallow cumulus convection},
  journal = jas,
  year = {1995},
  volume = {52},
  pages = {650--666}
}

@ARTICLE{SH96,
  author = {A. P. Siebesma and A. A. M. Holtslag},
  title = {Model impacts of entrainment and detrainment rates in shallow cumulus
	convection},
  journal = jas,
  year = {1996},
  volume = {53},
  pages = {2354--2364}
}

@ARTICLE{Siebesmaetal04,
  author = {A. P. Siebesma and C. Jakob and Co-authors},
  title = {Cloud representation in general circulation models over the Northern
	Pacific Ocean: A \textsc{EUROCS} intercomparison study},
  journal = qjrms,
  year = {2004},
  volume = {130},
  pages = {3245-3268}
}

@ARTICLE{SST07,
  author = {A. P. Siebesma and P. M. M. Soares and J. Teixeira},
  title = {A combined eddy-diffusivity mass-flux approach for the convective
	boundary layer},
  journal = jas,
  year = {2007},
  volume = {64},
  pages = {1230--1248},
  doi = {DOI:10.1175/JAS3888.1}
}

@ARTICLE{SiemsBretherton92,
  author = {S. T. Siems and C. S. Bretherton},
  title = {A numerical investigation of cloud-top entrainment instability and
	related experiments},
  journal = qjrms,
  year = {1992},
  volume = {118},
  pages = {787--818}
}

@ARTICLE{Siemsetal90,
  author = {S. T. Siems and C. S. Bretherton and M. B. Baker and S. Shy and R.
	E. Breidenthal},
  title = {Buoyancy reversal and cloud-top entrainment instability},
  journal = qjrms,
  year = {1990},
  volume = {116},
  pages = {705--739}
}

@ARTICLE{Siemsetal93,
  author = {S. T. Siems and D. H. Lenschow and C. S. Bretherton},
  title = {A numerical study of the interaction between stratocumulus and the
	air overlying it},
  journal = jas,
  year = {1993},
  volume = {50},
  pages = {3663--3676}
}



@ARTICLE{Simmons_etal_2007,
  author = {A. Simmons and S. Uppala and D. Dee and S. Kobayashi},
  title = {Era-\textsc{I}nterim: \textsc{N}ew \textsc{ECMWF} reanalysis products from 1989 onwards},
  journal = {ECMWF Newsletter},
  year = {2007},
  volume = {110},
  institution = {ECMWF},
  pages = {25–-35},
  address = {Reading, United Kingdom}
}


@ARTICLE{SimpsonWiggert69,
  author = {J. Simpson and V. Wiggert},
  title = {Models of precipitating cumulus towers},
  journal = mwr,
  year = {1969},
  volume = {97},
  pages = {471--489}
}

@ARTICLE{Smagorinsky_1963,
  author = {J. Smagorinsky},
  title = {General circulation experiments with the primitive equations. \textsc{P}art \textsc{I: T}he basic experiment},
  journal = mwr,
  year = {1963},
  volume = {91},
  pages = {99--164}
}


@ARTICLE{Soaresetal04,
  author = {P. M. M. Soares and P. M. A. Miranda and A. P. Siebesma and J. Teixeira},
  title = {An eddy-diffusivity/mass-flux approach for dry and shallow cumulus
	convection},
  journal = qjrms,
  year = {2004},
  volume = {130},
  pages = {3365--3384}
}

@ARTICLE{Soetetal00,
  author = {M. Soet and R. J. Ronda and J. N. M. Stricker and A. J. Dolman},
  title = {Land surface scheme conceptualisation and parameter values for three
	sites with contrasting soils and climate},
  journal = {Hydrology and Earth System Sciences},
  year = {2000},
  volume = {4},
  pages = {283--294}
}

@ARTICLE{Squires58,
  author = {P. Squires},
  title = {Penetrative downdraughts in cumuli},
  journal = {Tellus},
  year = {1958},
  volume = {10},
  pages = {381--389}
}

@ARTICLE{StageBusinger81,
  author = {S. A. Stage and J. A. Businger},
  title = {A model for entrainment inot a cloud-topped marine boundary layer.
	\textsc{P}art I. Model description and application to a cold-air
	outbreak episode},
  journal = jas,
  year = {1981},
  volume = {38},
  pages = {2213--2229}
}

@ARTICLE{StaniforthCote91,
  author = {A. Staniforth and J. Cot\'e},
  title = {Semi-Lagrangian integration schemes for atmospheric models - A review},
  journal = mwr,
  year = {1991},
  volume = {119},
  pages = {2206--2223}
}

@ARTICLE{Stephens84,
  author = {G. L. Stephens},
  title = {The parameterization of radiation for numerical weather prediction
	and climate models},
  journal = mwr,
  year = {1984},
  volume = {112},
  pages = {826--867}
}



@ARTICLE{Stevens_2002,
  author = {B. Stevens},
  title = {Entrainment in stratocumulus-topped mixed layers},
  journal = qjrms,
  year = {2002},
  volume = {128},
  pages = {2663--2690}
}

@ARTICLE{Stevens_2000,
  author = {B. Stevens },
  title = {Quasi-steady analysis of a \textsc{PBL} model with an eddy-diffusivity
	profile and nonlocal fluxes},
  journal = mwr,
  year = {2000},
  volume = {128},
  pages = {824--836}
}

@ARTICLE{Stevens_2000b,
  author = {B. Stevens },
  title = {Cloud transitions and decoupling in shear-free stratocumulus-topped
	boundary layers},
  journal = grl,
  year = {2000},
  volume = {27},
  pages = {2557--2560}
}

@ARTICLE{Stevens_2007,
  author = {B. Stevens},
  title = {On the growth of layers of nonprecipitating cumulus convection},
  journal = jas,
  year = {2007},
  volume = {64},
  pages = {2916--2931}
}

@ARTICLE{Stevens_etal_2001,
  author = {B. Stevens and A. S. Ackerman and B. A. Albrecht and A. R. Brown
	and A. Chlond and J. Cuxart and P. G. Duynkerke and D. C. Lewellen
	and M. K. MacVean and R. A. J. Neggers and E. Sanchez and A. P. Siebesma
	and D. E. Stevens},
  title = {Simulations of trade wind cumuli under a strong inversion},
  journal = jas,
  year = {2001},
  volume = {58},
  pages = {1870--1891}
}

@ARTICLE{Stevensetal98,
  author = {B. Stevens and W. R. Cotton and G. Feingold and {C.-H.} Moeng},
  title = {Large-eddy simulations of strongly precipitating, shallow stratocumulus-topped
	boundary layers},
  journal = jas,
  year = {1988},
  volume = {55},
  pages = {3616--3638}
}

@ARTICLE{Stevens_etal_2003,
  author = {B. Stevens and D. H. Lenschow and I. Faloona and C.-H. Moeng and
	D. K. Lilly and B. Blomquist and G. Vali and A. Bandy and T. Campos
	and H. Gerber and S. Haimov and B. Morley and D. Thorton},
  title = {On entrainment rates in nocturnal marine stratocumulus},
  journal = qjrms,
  year = {2003},
  volume = {129},
  pages = {3469--3493}
}

@ARTICLE{Stevensetal03b,
  author = {B. Stevens and D. H. Lenschow and G. Vali and H. Gerber and A. Bandy
	and B. Blomquist and J.-L. Brenguier and C. S. Bretherton and F.
	Burnet and T. Campos and S. Chai and I. Faloona and D. Friesen and
	S. Haimov and K. Laursen and D. K. Lilly and S. M. Loehrer and S.
	P. Malinowski and B. Morley and M. D. Petters and D. C. Rogers and
	L. Russell and V. Savic-Jovcic and J. R. Snider and D. Straub and
	M. J. Szumowski and H. Takagi and D. C. Thornton and M. Tschudi and
	C. Twohy and M. Wetzel and M. C. van Zanten},
  title = {Dynamics and Chemistry of Marine Stratocumulus DYCOMS-\textsc{II}},
  journal = bams,
  year = {2003},
  volume = {84},
  pages = {579ÔøΩ-593}
}

@ARTICLE{Stevensetal05b,
  author = {B. Stevens and C.-H. Moeng and A. S. Ackerman and C. S. Bretherton
	and A. Chlond and S. R. de Roode and J. Edwards and J.-C. Golaz and
	H. Jiang and M. Khairoutdinov and M. P. Kirkpatrick and D. C. Lewellen
	and A. Lock and F. M\"{u}ller and D. E. Stevens and E. Whelan and
	P. Zhu.},
  title = {Evaluation of Large-Eddy Simulations via Observations of Nocturnal
	Marine Stratocumulus},
  journal = mwr,
  year = {2005},
  volume = {133},
  pages = {1443ÔøΩ-1462}
}

@ARTICLE{Stevens_etal_2005,
  author = {B. Stevens and G. Vali and K. Comstock and R. Wood and M. C. van
	Zanten and P. H. Austin and C. S. Bretherton and D. H. Lenschow},
  title = {Pockets of open cells (\textsc{POC}s) and drizzle in marine stratocumulus},
  journal = bams,
  year = {2005},
  volume = {86},
  pages = {51--57}
}

@ARTICLE{Stevens_bulk_2006,
  author = {B. Stevens},
  title = {Bulk boundary-layer concepts for simplified models of tropical dynamics},
   journal = {Theor. Comput. Fluid. Dyn.},
   year = {2006},
   doi = {DOI 10.1007/s00162-006-0032-z}
}

@article{Stevens_Feingold_2009,
  title={Untangling aerosol effects on clouds and precipitation in a buffered system},
  author={B. Stevens and G. Feingold},
  journal={Nature},
  volume={461},
  pages={607--613},
  year={2009}
}


@ARTICLE{Stevens_etal_2002,
  author = {D. E. Stevens and A. S. Ackerman and C. S. Bretherton},
  title = {Effect of domain size and numerical resolution on the simulation of shallow cumulus convection},
  journal = jas,
  year = {2002},
  volume = {59},
  pages = {3285--3301}
}

@ARTICLE{S47,
  author = {H. Stommel},
  title = {Entrainment of air into a cumulus cloud},
  journal = {J. Meteor. },
  year = {1947},
  volume = {4},
  pages = {91--94}
}

@ARTICLE{Storm_etal_2009,
  author = {B. Storm and J. Dudhia and S. Basu and A. Swift and I. Giammanco},
  title = {Evaluation of the \textsc{W}eather \textsc{R}esearch and \textsc{F}orecasting model on forecasting low-level jets: \textsc{I}mplications for wind energy},
  journal = {Wind Energy },
  year = {2009},
  volume = {12},
  pages = {81–-90}
}


@ARTICLE{Stratum_Stevens_2015,
  author = {B. J. H. van Stratum and B. Stevens},
  title = {The influence of misrepresenting the nocturnal boundary layer on idealized daytime convection in large-eddy simulation},
  journal = james,
  year = {2015},
  volume = {0},
  pages = {00--00}
}


@BOOK{Stull88,
  title = {An Introduction to Boundary Layer Meteorology},
  publisher = {Kluwer Academic Publishers},
  year = {1988},
  author = {R. B. Stull},
  address = {Dordrecht},
  note = {666 pp}
}

@ARTICLE{Sykesetal88,
  author = {R. I. Sykes and W. S. Lewellen and D. S. Henn},
  title = {A numerical study of the development of cloud-street spacing},
  journal = jas,
  year = {1988},
  volume = {45},
  pages = {2556--2569}
}

@TECHREPORT{Syrett88,
  author = {W. J. Syrett},
  title = {Hourly wind, potential temperature and \textsc{R}ichardson number
	profiles at \textsc{S}an \textsc{N}icolas \textsc{I}sland during
	project \textsc{FIRE}. \textsc{FIRE} \textsc{T}ech. report \textsc{N}o.
	2},
  institution = {Department of Meteorology, Penn State University},
  year = {1988},
  address = {503 Walker Building, University Park, PA 16803, USA, 49pp}
}



@ARTICLE{Talbot_etal_2012,
  author = {C. Talbot and E. {Bou-Zeid} and J. Smith},
  title = {Nested mesoscale large-eddy simulations with \textsc{WRF: P}erformance in real test cases},
  journal = {J. Hydrometeor},
  year = {2012},
  volume = {13},
  pages = {1421--1441}
}


@ARTICLE{TaylorBaker91,
  author = {G. R. Taylor and M. B. Baker},
  title = {Entrainment and detrainment in cumulus clouds},
  journal = jas,
  year = {1991},
  volume = {48},
  pages = {112--121}
}

@ARTICLE{TeixeiraCheinet04,
  author = {J. Teixeira and S. Cheinet},
  title = {A simple mixing length formulation for the eddy diffusivity parameterization
	of dry convection},
  journal = blm,
  year = {2004},
  volume = {110},
  pages = {435--453}
}

@ARTICLE{Telford75,
  author = {J. W. Telford},
  title = {Turbulence, entrainment, and mixing in cloud dynamics},
  journal = {Pure Appl. Geophys. },
  year = {1975},
  volume = {113},
  pages = {1067--1084}
}

@ARTICLE{Tennekes_1973,
  author = {H. Tennekes},
  title = {A model for the dynamics of the inversion above a convective layer},
  journal = jas,
  year = {1973},
  volume = {30},
  pages = {558--567}
}

@ARTICLE{Tennekes_Driedonks_1981,
  author = {H. Tennekes and A. G. M. Driedonks},
  title = {Basic entrainment equations for the atmospheric boundary layer},
  journal = blm,
  year = {1981},
  volume = {20},
  pages = {515--531}
}

@BOOK{TennekesLumley,
  title = {A First Course in Turbulence},
  publisher = {MIT Press},
  year = {1972},
  author = {H. Tennekes and J. L. Lumley},
  note = {300 pp}
}

@TECHREPORT{Thouron06,
  author = {O. Thouron},
  title = {R\'evision du sch\'ema de transfert radiatif de M\'eso-NH},
  institution = {CNRM, Meteo France, Toulouse, France},
  year = {2006},
  pages = {45pp}
}

@ARTICLE{Tiedtke96,
  author = {M. Tiedtke},
  title = {An extension of cloud-radiation parameterization in the ECMWF model:
	The representation of subgrid-scale variations of optical depth},
  journal = mwr,
  year = {1996},
  volume = {124},
  pages = {745--750}
}

@ARTICLE{T89,
  author = {M. Tiedtke},
  title = {A comprehensive mass flux scheme for cumulus parameterization in
	large-scale models},
  journal = mwr,
  year = {1989},
  volume = {177},
  pages = {1779--1800}
}

@ARTICLE{Tompkins03,
  author = {A. M. Tompkins},
  title = {Impact of temperature and humidity variability on cloud cover assessed
	using aircraft data},
  journal = qjrms,
  year = {2003},
  volume = {129},
  pages = {2151--2170}
}

@ARTICLE{Tompkins02,
  author = {A. M. Tompkins},
  title = {A prognostic parameterization for the subgrid-scale variability of
	water vapor and clouds in large-scale models and its use to diagnose
	cloud cover},
  journal = jas,
  year = {2002},
  volume = {59},
  pages = {1917--1942}
}

@ARTICLE{Tripoli_Cotton_1981,
  author = {G. J. Tripoli and W. R. Cotton},
  title = {The use of ice-liquid water potential temperature as a thermodynamic variable in deep atmospheric models },
  journal = mwr,
  year = {1981},
  volume = {109},
  pages = {1094--1102}
}



@article{Tsushima_etal_2015,
year   = {2015},
issn   = {0930-7575},
journal={Climate Dynamics},
doi={10.1007/s00382-015-2750-7},
title={Robustness, uncertainties, and emergent constraints in the radiative responses of stratocumulus cloud regimes to future warming},
author={Tsushima, Yoko and Ringer, MarkA. and Koshiro, Tsuyoshi and Kawai, Hideaki and Roehrig, Romain and Cole, Jason and Watanabe, Masahiro and Yokohata, Tokuta and Bodas-Salcedo, Alejandro and Williams, KeithD. and Webb, MarkJ.},
pages={1-15},
language={English}
}

@BOOK{Turner_1973,
  title = {Buoyancy effects in fluids},
  publisher = {Cambridge University Press},
  year = {1973},
  author = {J. S. Turner},
  note = {367 pp}
}


@ARTICLE{Turneretal07,
  author = {K. E. Trenberth and A. Dai and R. M. Rasmussen and D. B. Parsons},
  title = {The Changing Character of Precipitation},
  journal = bams,
  year = {2007},
  volume = {84},
  pages = {1205--1217},
  doi = {10.1175/BAMS-84-9-1205}
}

@ARTICLE{TroenMahrt86,
  author = {I. Troen and L. Mahrt},
  title = {A simple model of the atmospheric boundary layer; sensitivity to
	surface evaporation},
  journal = blm,
  year = {1986},
  volume = {37},
  pages = {129--148}
}

@ARTICLE{Turneretal07,
  author = {D. D. Turner and A. M. Vogelmann and R. T. Austin and J. C. Barnard
	and K. Cady-Pereira and J. C. Chiu and S. A. Clough and C. Flynn
	and M. M. Khaiyer and J. Liljegren and K. Johnson and B. Lin and
	C. Long and A. Marshak and S. Y. Matrosov and S. A. McFarlane and
	M. Miller and Q. Min and P. Minnis and W. O'Hirok and Z. Wang and
	W. Wiscombe},
  title = {Thin Liquid Water Clouds: Their Importance and Our Challenge},
  journal = bams,
  year = {2007},
  volume = {88},
  pages = {177--190},
  doi = {10.1175/BAMS-88-2-177}
}

@ARTICLE{Turton_Nicholls_1987,
  author = {J. D. Turton and S. Nicholls},
  title = {A study of the diurnal variation of stratocumulus using a multiple
	mixed layer model},
  journal = qjrms,
  year = {1987},
  volume = {113},
  pages = {969--1009}
}

@ARTICLE{DamFeddes00,
  author = {J. C. {Van Dam} and R. A. Feddes},
  title = {Numerical simulation of infiltration, evaporation and shallow groundwater
	levels with the Richards equation},
  journal = {J. of Hydrology},
  year = {2000},
  volume = {233},
  pages = {72--85}
}

@ARTICLE{Vandewiel_etal_2003,
  author = {B. J. H. {Van de Wiel} and A. F. Moene and O. K. Hartogensis and
	H. A. R. de Bruin and A. A. M. Holtslag},
  title = {Intermittent turbulence in the stable boundary layer over land: \textsc{III}.
	\textsc{A} classification for observations during \textsc{CASES}-99},
  journal = jas,
  year = {2003},
  volume = {60},
  pages = {2509--2522}
}

@ARTICLE{Vandewiel_etal_2007,
  author = {B. J. H. {Van de Wiel} and A. F. Moene and G. J. Steeneveld and O.
	K. Hartogensis and A. A. M. Holtslag},
  title = {Predicting the collapse of turbulence in stably stratified boundary
	layers},
  journal = {Flow, Turbulence and Combustion},
  year = {2007},
  volume = {79},
  pages = {251--274}
}

@ARTICLE{Vandewiel_etal_2008,
  author = {B. J. H. {Van de Wiel} and A. F. Moene and W. H. De Ronde and H. J. J. Jonker},
  title = {Local similarity in the stable boundary layer and mixing-length approaches: \textsc{C}onsistency of concepts},
  journal = blm,
  year = {2008},
  volume = {128},
  pages = {103--116}
}


@MASTERSTHESIS{Dussen09,
  author = {J. J. {Van der Dussen}},
  title = {Large Eddy and mixed-layer model simulations of the Stratocumulus
	to Cumulus transition as observed during ASTEX},
  school = {Delft University of Technology},
  year = {2001},
  address = {Utrecht, 72 pp (Available as pdf file from \url{http://www.srderoode.nl/Students/MasterThesisJohan.pdf})}
}

@ARTICLE{Dussen_etal_2013,
  author = {J. J. {Van der Dussen} and S. R. de Roode and A. S. Ackerman and P. N. Blossey and C. S. Bretherton and M. J. Kurowski and A. P. Lock and R. A. J. Neggers and I. Sandu and A. P. Siebesma},
  title = {The \textsc{GASS/EUCLIPSE} model intercomparison of the stratocumulus transition as observed during \textsc{ASTEX: LES} results},
  journal = james,
  year = {2013},
  volume = {5},
  doi = {10.1002/jame.20033},
  pages = {483--499}
}


@ARTICLE{Vanderhoven_1957,
  author = {I. {Van der Hoven}},
  title = {Power spectrum of horizontal wind speed in the frequency range from
	0. 0007 to 900 cycles per hour},
  journal = {J. Meteor. },
  year = {1957},
  volume = {14},
  pages = {160--164}
}

@ARTICLE{VandopVerver01,
  author = {H. {Van Dop} and G. Verver},
  title = {Countergradient transport revisited},
  journal = jas,
  year = {2001},
  volume = {58},
  pages = {2240-2247}
}

@ARTICLE{VanUldenHoltslag85,
  author = {A. P. {Van Ulden} and A. A. M. Holtslag},
  title = {Estimation of atmospheric boundary layer parameters for diffusion
	applications},
  journal = {J. Clim. App. Meteor.},
  year = {1985},
  volume = {24},
  pages = {1196-1207}
}

@ARTICLE{UldenWieringa96,
  author = {A. P. {Van Ulden} and J. Wieringa},
  title = {Atmospheric boundary-layer research at \textsc{C}abauw},
  journal = blm,
  year = {1996},
  volume = {78},
  pages = {39-69}
}


@ARTICLE{Vogelmann_etal_2015,
  author = {A. M. Vogelmann and A. M. Fridlind and T. Toto and S. Endo and W. Lin and J. Wang and S. Feng and Y. Zhang and D. D. Turner and Y. Liu and Z. Li and S. Xie and A. S. Ackerman and M. Zhang and M. Khairoutdinov },
  title = {\textsc{RACORO} continental boundary layer cloud investigations: 1. \textsc{C}ase study development and ensemble large-scale forcings},
  journal = jgr,
  year = {2015},
  volume = {120},
  doi = {10.1002/2014JD022713}
}

@ARTICLE{VonSalzenMcFarlane2002,
  author = {K. {Von Salzen} and N. A. {McFarlane}},
  title = {Parameterization of the bulk effects of lateral and cloud-top entrainment in transient shallow cumulus clouds},
  journal = jas,
  year = {2002},
  volume = {59},
 pages = {1405-1430}
}


@ARTICLE{Delden92,
  author = {A. VanDelden},
  title = {The dynamics of meso-scale atmospheric circulations},
  journal = {Physics reports},
  year = {1992},
  volume = {211},
  pages = {251--376}
}

@PHDTHESIS{Zanten00,
  author = {M. C. VanZanten},
  title = {Entrainment processes in stratocumulus},
  school = {Utrecht University},
  year = {2000},
  address = {Utrecht, 139 pp (Available from Utrecht University, Utrecht, The
	Netherlands)}
}

@ARTICLE{ZantenDuynkerke02,
  author = {M. C. VanZanten and P. G. Duynkerke},
  title = {Radiative and evaporative cooling in the entrainment zone of stratocumulus
	- The role of radiative cooling above cloud top},
  journal = blm,
  year = {2002},
  volume = {102},
  pages = {253--280}
}

@ARTICLE{Zanten_etal_1999,
  author = {M. C. VanZanten and P. G. Duynkerke and J. W. M. Cuijpers},
  title = {Entrainment parameterization in convective boundary layers},
  journal = jas,
  year = {1999},
  volume = {56},
  pages = {813--828}
}

@ARTICLE{Zanten_etal_2005a,
  author = {M. C. VanZanten and B. Stevens and G. Vali and D. H. Lenschow},
  title = {Observations of drizzle in nocturnal marine stratocumulus},
  journal = jas,
  year = {2005},
  volume = {62},
  pages = {88--106}
}


@ARTICLE{Zanten_etal_2011,
  author = {M. C. VanZanten and B. Stevens and L. Nuijens and A. P. Siebesma and A. Ackerman and F. Burnet and A. Cheng and F. Couvreux and H. Jiang and M. Khairoutdinov and Y. Kogan and D. C. Lewellen and D. Mechem and K. Nakamura and A. Noda and B. J. Shipway and J. Slawinska and S. Wang and A. Wyszogrodzki},
  title = {Controls on precipitation and cloudiness in simulations of trade-wind cumulus as observed during \textsc{RICO}},
  journal = {J. Adv. Model. Earth Syst.},
  year = {2011},
  volume = {3},
  doi = {doi:10.3894/JAMES.2011.3.5}}
}

@INPROCEEDINGS{VreugdenhilKoren93,
  author = {C. B. Vreugdenhil and B. Koren},
  title = {Notes on Numerical Fluid Mechanics},
  booktitle = {Numerical Methods for Advection-Diffusion Problems},
  year = {1993},
  volume = {45},
  publisher = {Vieweg},
  note = {373 pp}
}

@PHDTHESIS{Wang94,
  author = {Q. Wang},
  title = {Turbulent mixing and transport in marine stratocumulus-topped boundary
	layers - an observational study},
  school = {The Pennsylvania State University},
  year = {2000},
  address = {Available from The Pennsylvania State University, Department of Meteorology,
	University Park, PA 16802, USA, 199pp}
}

@ARTICLE{WangAlbrecht94,
  author = {Q. Wang and B. A. Albrecht},
  title = {Observations of cloud-top entrainment in marine stratocumulus clouds},
  journal = jas,
  year = {1994},
  volume = {51},
  pages = {1530--1547}
}

@ARTICLE{WangLenschow95,
  author = {Q. Wang and D. H Lenschow},
  title = {An observational study of the role of penetrating cumulus in a marine
	stratocumulus-topped boundary layer},
  journal = jas,
  year = {1995},
  volume = {52},
  pages = {650--666}
}

@ARTICLE{Wangetal99,
  author = {Q. Wang and D. H. Lenschow and L. Pan and R. D. Schillawski and G.
	L. Kok and A. S. H. Prevot and K. Laursen and L. M. Russel and A.
	Bandy and D. Thornton and K. Suhre},
  title = {Characteristics of the Marine Boundary Layers During Two Lagrangian
	Measurement Periods, \textsc{P}art \textsc{II}: \textsc{T}urbulence
	Structure},
  journal = jgr,
  year = {1999},
  volume = {104 (D17)},
  pages = {21767--21784}
}

@ARTICLE{WangAlbrecht86,
  author = {S. Wang and B. A. Albrecht},
  title = {A Stratocumulus model with an internal circulation},
  journal = jas,
  year = {1986},
  volume = {43},
  pages = {2373--2391}
}

@article{Wang_Feingold_2009a,
  title={Modeling mesoscale cellular structures and drizzle in marine stratocumulus. \textsc{P}art \textsc{I: I}mpact of drizzle on the formation and evolution of open cells},
  author={H. Wang and G. Feingold},
  journal=jas,
  volume={66},
  pages={3237--3256},
  year={2009}
}

@article{Wang_Feingold_2009b,
  title={Modeling mesoscale cellular structures and drizzle in marine stratocumulus. \textsc{P}art \textsc{II: T}he microphysics and dynamics of the boundary region between open and closed cells},
  author={H. Wang and G. Feingold},
  journal=jas,
  volume={66},
  number={11},
  pages={3257--3275},
  year={2009}
}

@ARTICLE{WangStevens00,
  author = {S. Wang and B. Stevens},
  title = {Top-hat representation of turbulence statistics in cloud-topped boundary
	layers: A large-eddy simulation study},
  journal = jas,
  year = {2000},
  volume = {57},
  pages = {423--441}
}

@ARTICLE{WangRandall96,
  author = {Y. Wang and D. A. Randall},
  title = {A cumulus parameterization based on the generalized convective available
	potential energy},
  journal = jas,
  year = {1996},
  volume = {53},
  pages = {716--727}
}

@ARTICLE{Warner77,
  author = {J. Warner},
  title = {Time variation of updraft and water content in small cumulus clouds},
  journal = jas,
  year = {1977},
  volume = {34},
  pages = {1306--1312}
}

@ARTICLE{Warner71,
  author = {J. Warner},
  title = {Observations of the eddy fluxes of heat and vapour over the sea},
  journal = qjrms,
  year = {1971},
  volume = {97},
  pages = {540--547}
}

@ARTICLE{Warner55,
  author = {J. Warner},
  title = {The water content of cumuliform clouds},
  journal = tellus,
  year = {1955},
  volume = {7},
  pages = {449--457}
}

@ARTICLE{Webbetal80,
  author = {E. K. Webb and G. I. Pearman and R. Leuning},
  title = {Correction of flux measurements for density effects due to heat and
	water vapour transfer},
  journal = qjrms,
  year = {1980},
  volume = {106},
  pages = {85--100}
}

@ARTICLE{Webb_etal_2013,
  author = {M. J. Webb and F. H. Lambert and J. M. Gregory},
  title  = {Origins of differences in climate sensitivity, forcing and feedback in climate models},
  journal = {Clim. Dyn.},
  year    = {2013},
  volume  = {40},
  pages = {677-707},
  doi   = {10.1007/s00382-012-1336-x}
} 

@ARTICLE{Webb_Lock_2013,
  author = {M. J. Webb and A. P. Lock},
  title  = {Coupling between subtropical cloud feedback and the local hydrological cycle in a climate model},
  journal = {Clim. Dyn.},
  year    = {2013},
  volume  = {41},
  pages = {1923--1939},
  doi   = {10.1007/s00382-012-1608-5}
} 


@MASTERSTHESIS{White89,
  author = {A. B. White},
  title = {Temperature and humidity structure parameters deduced from sodar
	and radar reflectivities: \textsc{A}n analysis of data from the marine
	stratocumulus phase of \textsc{FIRE}},
  school = {Pennsylvania Sate University},
  year = {1999},
  address = {Available from Pennsylvania State University, Department of Meteorology,
	University Park, PA 16802, USA, 137 pp}
}

@ARTICLE{Wild05,
  author = {M. Wild},
  title = {Solar radiation budgets in atmospheric model intercomparisons from
	a surface perspective},
  journal = grl,
  year = {2005},
  volume = {32},
  doi = {doi:10.1029/2005GL022421}
}

@ARTICLE{WildRoeckner06,
  author = {M. Wild and E. Roeckner},
  title = {Radiative fluxes in the ECHAM5 general circulation model},
  journal = jc,
  year = {2006},
  volume = {19},
  pages = {3792--3809}
}

@ARTICLE{Wood07,
  author = {R. Wood},
  title = {Cancellation of aerosol indirect effects in marine stratocumulus
	through cloud thinning},
  journal = jas,
  year = {2007},
  volume = {64},
  pages = {2657--2669}
}

@ARTICLE{Wood_2012,
  author = {R. Wood},
  title = {Stratocumulus clouds},
  journal = mwr,
  year = {2012},
  volume = {140},
  pages = {2373--2423}
}



@ARTICLE{Wood_Bretherton_2004,
  author = {R. Wood and C. S. Bretherton},
  title = {Boundary layer depth, entrainment, and decoupling in the cloud-capped
	subtropical and tropical marine boundary layer},
  journal = jc,
  year = {2004},
  volume = {17},
  pages = {3576--3588}
}


@ARTICLE{Wood_Bretherton_2006,
  author = {R. Wood and C. S. Bretherton},
  title = {On the relationship between stratiform low cloud cover and lower-tropospheric stability},
  journal = jc,
  year = {2006},
  volume = {19},
  pages = {6425--6432}
}



@ARTICLE{Woodetal02,
  author = {R. Wood and C. S. Bretherton and D. L. Hartmann},
  title = {Diurnal cycle of liquid water path over the subtropical and tropical
	oceans},
  journal = grl,
  year = {2002},
  volume = {29},
  pages = {Art. No. 2092}
}

@ARTICLE{WoodField00,
  author = {R. Wood and P. R. Field},
  title = {Relationships between total water, condensed water, and cloud fraction
	in stratiform clouds examined using aircraft data},
  journal = jas,
  year = {2000},
  volume = {57},
  pages = {1888--1905}
}

@ARTICLE{WoodHartmann06,
  author = {R. Wood and D. L. Hartmann},
  title = {Spatial variability of liquid water path in marine low cloud: The
	importance of mesoscale cellular convection},
  journal = jc,
  year = {2006},
  volume = {19},
  pages = {1748--1764}
}

@ARTICLE{WoodTaylor01,
  author = {R. Wood and J. P. Taylor},
  title = {Liquid water path variability in unbroken marine stratocumulus cloud},
  journal = qjrms,
  year = {2001},
  volume = {127},
  pages = {2635--2662}
}

@article{Wood_etal_2011,
  title={An aircraft case study of the spatial transition from closed to open mesoscale cellular convection over the \textsc{S}outheast \textsc{P}acific},
  author={R. Wood and C. S. Bretherton and D. Leon and A. D. Clarke and P. Zuidema and  G. Allen and H. Coe},
  journal=acp,
  volume={11},
  pages={2341--2370},
  year={2011}
}

@ARTICLE{Wyantetal97,
  author = {M. C. Wyant and C. S. Bretherton and H. A. Rand and D. E. Stevens},
  title = {Numerical simulations and a conceptual model of the stratocumulus
	to trade cumulus transition},
  journal = jas,
  year = {1997},
  volume = {54},
  pages = {168--192}
}

@ARTICLE{WyngaardBrost84,
  author = {J. C. Wyngaard and R. A. Brost},
  title = {Top-down and bottom-up diffusion of a scalar in the convective boundary
	layer},
  journal = jas,
  year = {1984},
  volume = {41},
  pages = {102--112}
}

@ARTICLE{WyngaardMoeng92,
  author = {J. C. Wyngaard and C.-H. Moeng},
  title = {Parameterizing turbulent diffusion through the joint-probability
	density},
  journal = blm,
  year = {1992},
  volume = {60},
  pages = {1--13}
}

@ARTICLE{WyngaardWeil91,
  author = {J. C. Wyngaard and J. C. Weil},
  title = {Transport asymmetry in skewed turbulence},
  journal = pfa,
  year = {1991},
  volume = {3},
  pages = {155--162}
}

@article{Wyngaard_2004,
  author = {J. C. Wyngaard},
  title = {Toward numerical modeling in the $''$\textsc{T}erra \textsc{I}ncognita$''$},
  journal = jas,
  year = 2004,
  month = jul,
  volume = 16,
  pages = {1816--1826}
    }
   
@ARTICLE{XueFeingold06,
  author = {H. Xue and G. Feingold},
  title = {Large-eddy simulations of trade wind cumuli: Investigation of aerosol
	indirect effects},
  journal = jas,
  year = {2006},
  volume = {63},
  pages = {1605--1622}
}

@article{Xue_etal_2008,
  title={Aerosol effects on clouds, precipitation, and the organization of shallow cumulus convection},
  author={H. Xue and G. Feingold and B. Stevens},
  journal=jas,
  volume={65},
  number={2},
  pages={392--406},
  year={2008}
}

Y
@ARTICLE{Yamaguchi_etal_2011,
  author = {T. Yamaguchi and D. A. Randall and M. F. Khairoutdinov},
  title = {Cloud modeling tests of the \textrm{ULTIMATE-MACHO} scalar advection scheme},
  journal = mwr,
  year = {2011},
  volume = {139},
  pages = {3248--3264}
}

@ARTICLE{Yietal01,
  author = {C. Yi and K. J. Davis and B. W. Berger and P. S. Bakwin},
  title = {Long-term observations of the dynamics of the continental planetary
	boundary layer},
  journal = jas,
  year = {2001},
  volume = {58},
  pages = {1288--1299}
}

@ARTICLE{Young88b,
  author = {G. S. Young},
  title = {Turbulence structure of the convective boundary layer. \textsc{P}art
	\textsc{II}: Phoenix aircraft observations of thermals and their environment},
  journal = jas,
  year = {1988},
  volume = {45},
  pages = {727--735}
}

@ARTICLE{Young88c,
  author = {G. S. Young},
  title = {Turbulence structure of the convective boundary layer. \textsc{P}art
	\textsc{III}: The vertical velocity budgets of thermals and their environment},
  journal = jas,
  year = {1988},
  volume = {45},
  pages = {2039--2049}
}

@ARTICLE{Young87,
  author = {G. S. Young},
  title = {Mixed layer spectra from aircraft measurements},
  journal = jas,
  year = {1987},
  volume = {44},
  pages = {1251--1256}
}

@ARTICLE{YuMechoso99,
  author = {J.-Y. Yu and C. R. Mechoso},
  title = {Links between annual variations of \textsc{P}eruvian stratocumulus
	clouds and of \textsc{SST} in the eastern equatorial \textsc{P}acific},
  journal = jc,
  year = {1999},
  volume = {12},
  pages = {3305--3318}
}

@article{Yu_Lee_2010,
  title={Role of convective parameterization in simulations of a convection band at grey-zone resolutions},
  author={X. Yu and {T.-Y.} Lee},
  journal={Tellus A},
  volume={62},
  number={5},
  pages={617--632},
  year={2010},
  publisher={Wiley Online Library}
}

@ARTICLE{Zengetal07,
  author = {X. Zeng and W.K. Tao and M. Zhang and C. Peters-Lidard, and S. Lang
	and J. Simpson and S. Kumar and S. Xie and J.L. Eastman and C.L.
	Shie and J.V. Geiger},
  title = {Evaluating Clouds in Long-Term Cloud-Resolving Model Simulations
	with Observational Data},
  journal = jas,
  year = {2007},
  volume = {64},
  pages = {4153--4177},
  doi = {10.1175/2007JAS2170.1}
}

@ARTICLE{Zhang_Bretherton_2008,
  author = {M. Zhang and C. S. Bretherton },
  title = {Mechanisms of low cloud-climate feedback in idealized single-column simulations with the \textsc{C}ommunity
	   \textsc{A}tmospheric \textsc{M}odel, \textsc{V}ersion 3 (\textsc{CAM3})
           with observational data},
  journal = jc,
  year = {2008},
  volume = {21},
  pages = {4859--4878},
  doi = {DOI: 10.1175/2008JCLI2237.1}
}

%39 coauthors
@ARTICLE{Zhang_etal_2013,
  author = {M. Zhang and C. S. Bretherton and P. N. Blossey and P. H. Austin and J. T. Bacmeister and S. Bony and F. Brient and S. K. Cheedela and A. Cheng and A. D. Del Genio and S. R. {De Roode} and S. Endo and C. N. Franklin and J.-C. Golaz and C. Hannay and T. Heus and F. A.  Isotta and J.-L. Dufresne and I.-S. Kang and H. Kawai and M. K\"{o}hler and V. E. Larson and Y. Liu and A.  P. Lock and U. Lohmann and M. F. Khairoutdinov and A. M. Molod and R. A. J. Neggers and P. Rasch and I. Sandu and R. Senkbeil and A. P. Siebesma and C. {Siegenthaler-Le Drian} and B. Stevens and M. J. Suarez and K.-M. Xu and K. von Salzen and M. J. Webb and A. Wolf and M. Zhao},
  title = {\textsc{CGILS: R}esults from the first phase of an international project to understand the physical mechanisms of low cloud feedbacks in single column models.},
  journal = james,
  year = {2013},
  pages = {826--842},
  doi = {10.1002/2013MS000246}
}


@ARTICLE{Zhongetal96,
  author = {X. Zhong and T. Y. Hou and P. G. LeFloch},
  title = {Computational methods for propagating phase boundaries},
  journal = {J. Comp. Phys.},
  year = {1996},
  volume = {124},
  pages = {192--216}
}

@ARTICLE{Zhuetal05,
  author = {P. Zhu and C. S. Bretherton and M. K\"{o}hler and A. Cheng and A.
	Chlond and Q. Geng and P. Austin and J.-C. Golaz and G. Lenderink
	and A. Lock and B. Stevens},
  title = {Intercomparison and interpretation of single-column model simulations
	of a nocturnal stratocumulus-topped marine boundary layer},
  journal = mwr,
  year = {2005},
  volume = {133},
  pages = {2741--2758}
}

@ARTICLE{Zilitinkevichetal07,
  author = {S. Zilitinkevich and T. Elperin and N. Kleeorin and I. Rogachevskii},
  title = {Energy- and flux-budget (\textsc{EFB}) turbulence closure model for
	stably stratified flows. \textsc{P}art \textsc{I}: steady state,
	homogeneous regimes},
  journal = blm,
  year = {2007},
  volume = {125},
  pages = {167--191}
}

@ARTICLE{Zilitinkevichetal99,
  author = {S. Zilitinkevich and V. M. Gryanik and V. N. Lykossov and D. V. Mironov},
  title = {Third-order transport and nonlocal turbulence closures for convective
	boundary layers},
  journal = jas,
  year = {1999},
  volume = {56},
  pages = {3463--3477}
}

@ARTICLE{Zuidema_etal_2009,
  author = {P. Zuidema and D. Painemal and S. {de Szoeke} and C. Fairall},
  title  = {Stratocumulus Cloud-Top Height Estimates and Their Climatic Implications},
  journal = jc,
  year    = {2009},
  volume  = {22},
  pages   = {4652--4666}
} 



@ARTICLE{Derbyshire,
  title = {Nieuwstadt's stable boundary layer revisited},
  journal = qjrms,
  year = {1990},
  volume = {116},
  pages = {127--158}
}

